2763 4797
498 277 631 354 ηδ
940 231 1548 348 conNEnu

1641 235 2183 366 NEPoT1s

518 399 2645 451 Ὗ--*“--ψἿ--,*“ψ--*-ῄ

508 475 645 532 satis
676 472 886 527 vetusta
921 472 1205 545 scriptura
1237 488 1268 524 e
1297 472 1540 545 regione

508 543 719 596 horum
747 541 1097 608 verborum,
1132 537 1339 598 eodem
1371 547 1544 612 patre

506 619 692 673 natas
726 647 743 674 ,
796 619 1057 662 notatum
1094 609 1239 670 effe,
1300 617 1544 680 utroque

507 685 757 762 parente
782 685 981 731 natas..
1052 675 1226 756 Quod
1262 676 1315 730 si
1346 678 1542 749 Nepos

482 743 491 756 “
504 757 589 802 lta
602 747 607 750 ’
619 745 917 818 scripserit
932 781 949 810 ,
984 746 1373 815 proclamaret
1389 745 1542 816 quis·

473 833 475 835 ’
506 833 715 889 quam,
750 829 875 867 rem
912 815 1019 871 effe
1058 813 1296 874 salvam,
1339 822 1398 864 et
1424 811 1541 865 Au·

502 895 694 938 torem
720 881 973 935 nostrum
1007 879 1211 934 frustra
1242 879 1542 950 objurgari

501 951 629 1025 post
660 949 808 1006 alios
842 967 873 1002 a
907 948 1151 1008 Meurfio
1180 948 1316 1001 viro
1352 945 1542 1004 erudi·

503 1019 708 1074 tiffimo
738 1035 865 1091 cap.
898 1037 1019 1072 ενι.
1054 1018 1121 1072 in
1152 1013 1396 1072 Solone·
1435 1017 1541 1069 Ne·
1575 1083 1577 1086 Δ

503 1106 617 1160 que
637 1099 829 1141 tamen
862 1087 985 1140 sine
1020 1101 1223 1139 errore
1250 1083 1329 1136 ita
1362 1083 1544 1155 scrip·

506 1158 689 1212 siffet:
728 1172 857 1208 cum
881 1173 987 1208 nus
1035 1170 1161 1206 uam
1186 1152 1540 1222 reperiatur,

502 1223 658 1300 apud
706 1221 995 1276 Athenien
1021 1239 1079 1292 es
1126 1221 1343 1274 licuiss‘e
1387 1219 1542 1272 soro-

504 1311 630 1350 rem
674 1303 1039 1364 germanam,
1105 1305 1312 1362 nempe
1336 1284 1542 1340 'eodem

494 1372 670 1435 patre
728 1356 1041 1430 eademque
1102 1367 1283 1409 matre
1329 1364 1540 1418 natam,

410 1459 415 1466 =
503 1445 743 1482 uxorem
774 1425 1008 1478 ducere.
1052 1423 1169 1478 Sed
1198 1421 1434 1478 Solonis
1451 1422 1542 1474 lex

501 1493 879 1574 permittebat
930 1509 1259 1565 germanam
1302 1507 1538 1545 consan-

504 1579 767 1636 gumeam
792 1597 809 1624 ,
852 1559 913 1612 id
945 1560 1019 1612 est
1040 1595 1057 1624 ,
1093 1576 1357 1612 sororem
1399 1555 1563 1629 ὁμο..

506 1631 761 1700 πάτριον
790 1627 1162 1681 matrimonio
1193 1643 1387 1683 secum
1405 1642 1539 1679 con-

503 1700 778 1770 iungere,
831 1713 951 1748 non
994 1701 1183 1748 autem
1230 1693 1542 1759 uterinam,

504 1765 931 1832 dsseofimyvpiav„
958 1761 1140 1816 multo
1182 1763 1371 1814 minus
1413 1777 1538 1830 ger-

502 1851 749 1887 manam.
857 1849 989 1885 uam
1006 1833 1193 1902 legem
1220 1829 1357 1882 citat
1372 1828 1539 1882 Philo

504 1899 753 1954 :Iudaeus
782 1900 913 1956 Lib.
946 1905 1079 1967 περὶ
1105 1902 1222 1950 τῶν
1242 1897 1540 1966 ἀναφερο-

500 1969 686 2033 μένων
702 1969 759 2021 ἐν
776 1969 915 2024 εἴδει
932 1967 1129 2032 νόμων
1152 1967 1231 2018 εἰς
1246 1965 1355 2018 δύο
1372 1969 1537 2036 γένῃ.

500 2053 577 2110 pa
622 2077 635 2090 .
668 2039 791 2093 602.
845 2036 949 2091 ubi
978 2036 1214 2089 Latinus
1250 2033 1542 2113 interpres

415 2156 418 2160 .
500 2123 594 2158 ma
622 2123 653 2158 e
697 2122 811 2177 pro
860 2103 1146 2178 germanis
1201 2116 1542 2176 consangui-

497 2175 629 2230 neis
675 2172 973 2230 transtulit
1005 2169 1263 2226 uterinis
1299 2185 1540 2243 germa-

501 2242 622 2297 nis.
676 2241 721 2294 E
764 2259 881 2312 quo
905 2241 1038 2294 loeo
1072 2237 1317 2308 aliisque
1350 2255 1383 2290 a
1417 2241 1541 2292 Mu-

500 2322 634 2366 reto
671 2308 804 2362 Lib.
856 2327 951 2362 xv.
1018 2312 1161 2366 Var.
1197 2309 1364 2361 Lect.
1395 2325 1444 2360 c.
1485 2307 1537 2360 5.

506 2387 563 2431 et
606 2380 758 2433 Sam.
812 2375 1003 2431 Petito
1050 2375 1238 2431 citatis
1290 2375 1420 2429 Lib.
1453 2393 1540 2428 v1.

428 2448 431 2453 ’
503 2447 595 2499 Ti.
630 2467 677 2499 1.
718 2448 814 2501 De
849 2445 970 2517 leg.
1006 2446 1119 2499 Att.
1158 2445 1420 2497 Cornelii
1439 2461 1541 2496 no-

502 2513 599 2567 stri
638 2511 825 2567 nodus
853 2515 947 2569 hie
969 2549 985 2575 ‚
1020 2522 1086 2565 ut
1111 2511 1424 2577 Lambinus
1451 2510 1542 2577 lo-

489 2582 703 2653 quitur
730 2618 747 2645 ,
820 2578 1287 2652 inexplicabilis,
1364 2596 1432 2631 ex
1473 2579 1541 2631 li..

494 2648 720 2702 candus
746 2648 840 2713 est,
878 2661 935 2703 et
954 2647 1187 2720 quidem
1202 2646 1313 2719 hoc
1328 2663 1424 2701 mo
1468 2662 1539 2699 oe

500 2715 939 2771 Athenienfibus
1006 2714 1223 2767 licuiss'e
1274 2730 1542 2769 sororem

504 2800 831 2868 germanam
880 2781 1289 2853 eodem·patre
1328 2794 1539 2846 natam,

502 2851 566 2907 :d
596 2852 689 2918 est,
720 2854 1049 2925 germanam
1067 2850 1570 2921 consanguineam'

494 2926 745 2975 uxorem
795 2919 1030 2973 ducere.
1070 2980 1076 2987 ,
1112 2916 1408 2989 Eiusmodi
1445 2936 1538 2971 au-

502 2999 621 3043 tem
648 3005 915 3043 sororem
942 3005 975 3039 a
1000 2989 1225 3059 Nepote
1255 2986 1538 3059 appellari

544 3074 835 3109 ermanam
878 3054 1195 3109 verisimile
1240 3058 1347 3117 est,
1405 3055 1539 3127 quia

488 3124 659 3181 unfra
694 3124 1058 3177 Timoleonte
1093 3121 1159 3177 'ca'
1208 3161 1221 3174 .
1249 3128 1365 3189 ¹04·
1392 3139 1536 3187 eam,

488 3210 653 3266 quae
682 3192 823 3247 alias
858 3192 1127 3264 germana
1206 3191 1402 3253 icitur,
1438 3208 1538 3245 vo-

482 3271 599 3317 ·eat
630 3278 897 3316 sororem
926 3278 1005 3314 ex
1033 3254 1251 3314 iisdem
1279 3259 1542 3331 parenti-

486 3328 616 3387 -bus
644 3335 879 3383 natam.
916 3326 1167 3386 Cvrillus
1196 3336 1386 3393 tamen
1406 3328 1536 3391 Lib.

504 3415 597 3459 vn,-
658 3404 867 3452 contra
909 3394 1221 3453 Iulianum
1261 3398 1536 3467 imperat.

484 3465 861 3521 -connuhium
889 3464 1000 3517 hoc
1036 3466 1166 3517 eum
1210 3464 1408 3526 sorore
1445 3480 1539 3517 eo·

504 3530 633 3593 dem
669 3541 836 3605 patre
876 3531 1191 3603 eademque
1228 3543 1410 3585 matre
1445 3548 1540 3583 na-

499 3610 559 3653 ta
574 3602 682 3656 ess'e
697 3600 959 3653 habitum
974 3601 1246 3657 existimat
1263 3620 1283 3662 3
1307 3601 1539 3663 Cimon,

498 3668 729 3740 inquit,
764 3666 1107 3739 Elpinicen,
1144 3668 1356 3725 eodem
1370 3668 1522 3724 semi

501 3756 581 3793 ne
630 3742 688 3791 et
736 3738 1041 3809 sanguine
1084 3744 1282 3794 ortam
1326 3756 1435 3810 pro
1480 3754 1542 3789 u-

482 3825 651 3861 ·xore
688 3803 938 3862 habuit.-
995 3814 1053 3863 et
1098 3806 1325 3862 Persas
1350 3807 1542 3877 ipsos,

500 3876 690 3929 immo
708 3880 765 3928 et
793 3874 991 3947 ipsum
1017 3892 1316 3931 summum
1342 3875 1540 3929 Iovem

500 3943 779 3997 imitatus
810 3978 827 4006 ‚
896 3942 1101 3999 eodem
1154 3961 1287 3997 cum
1335 3961 1542 3998 sorore

502 4014 633 4065 toro
666 4018 807 4065 usu's
854 4018 955 4066 est.
1027 4014 1244 4083 Nempe
1288 4030 1417 4065 cum
1442 4013 1538 4065 Ju-

502 4092 656 4132 none
678 4114 697 4141 ,
752 4096 879 4131 cum
920 4096 1033 4151 qua
1072 4081 1301 4153 Jupiter
1331 4078 1536 4134 eodem

500 4156 679 4221 partu
710 4145 927 4213 dieitur
952 4146 1158 4203 editus.
1196 4144 1536 4221 Sednegan-

1611 468 1745 524 dum
1793 472 1913 524 non
1957 471 2068 536 est,
2103 473 2434 534 Murem,
2488 470 2646 542 quic·

1610 539 1750 610 quid
1768 539 2124 594 contradicat
2139 539 2490 612 Rutgerfius,
2525 557 2647 592 rec-

1609 617 1666 659 te
1701 606 1769 660 de
1795 625 2004 672 vocum
2031 608 2449 674 conjunctione
2470 645 2488 672 ,
2537 607 2647 662 So-

1611 693 1806 732 rorem
1838 694 2203 748 germanam
2231 695 2432 741 suam,
2471 677 2646 730 ambi·

1611 759 1770 814 gere.
1846 746 1934 800 Ab
1970 744 2270 803 Arabibus
2309 755 2484 816 atque
2513 747 2645 798 Per·

1609 815 1675 866 lis
1702 813 1860 884 'hunc
1906 831 2127 883 morem
2163 813 2326 866 suill'e
2372 813 2646 867 observa·

1610 891 1765 945 tum,
1817 892 1882 934 ut
1925 900 2044 934 non
2085 883 2271 936 solum
2316 882 2646 944 sororibus,

1612 947 1710 1002 sed
1742 950 2023 1004 matribus
2041 951 2213 1002 etiam
2239 949 2644 1014 miscerentur,

1613 1017 1974 1082 eStrabone,
2017 1019 2196 1072 Clem.
2231 1016 2646 1079 Alexandrino,

1613 1094 1670 1136 et
1709 1084 2030 1140 Bardesanc
2072 1085 2384 1150 discimus,
2437 1085 2645 1156 quibus

1613 1151 1934 1206 addendum
1954 1153 2028 1206 est
2055 1153 2253 1207 eadem
2287 1153 2358 1208 de
2391 1170 2458 1206 re
2487 1171 2644 1226 egre-

1613 1220 1767 1292 gium
1818 1221 2198 1276 testimonium
2261 1219 2643 1288 Theodoreti,

1613 1288 1911 1360 qui'Libro
1927 1309 2006 1342 ιι.
2032 1291 2476 1358 Θεραπευτικῆς
2509 1293 2643 1348 scri-

1609 1357 1719 1420 bit,
1756 1357 2000 1412 Perficas
2023 1354 2289 1412 nationes
2310 1397 2327 1423 ,
2359 1375 2514 1432 quae
2537 1360 2642 1424 iam

1651 1423 1840 1476 ridem
1890 1425 2144 1490 Zaradae
2205 1427 2437 1500 legibus
2485 1445 2640 1500 rege-

1653 1503 1856 1557 antur‚
1914 1505 2189 1558 matrum,
2241 1513 2516 1550 sororum
2535 1532 2554 1558 ,
2585 1495 2638 1546 fi.

1607 1561 1818 1615 liat-um
1853 1563 2160 1616 connubiis
2202 1579 2421 1635 ¹susque
2461 1562 2640 1635 deque

1609 1629 1942 1684 commixtas
1989 1631 2118 1685 effe.
2191 1630 2333 1683 Inde
2391 1630 2638 1694 credam,

1607 1697 1905 1752 Platonem
1925 1698 2092 1760 ,suam
2127 1698 2356 1750 haulill'e
2386 1697 2635 1772 impieta-

1613 1775 1756 1827 tem,
1794 1776 1858 1819 ut
1890 1767 2018 1820 Lib.
2048 1785 2106 1820 v.
2145 1768 2240 1822 De
2256 1763 2466 1839 repub.
2501 1767 2634 1832 eius·

1608 1831 1764 1886 modi
1796 1835 2093 1908 improbas
2122 1852 2187 1887 ac
2219 1835 2377 1896 feras
2409 1836 2631 1902 conjun-

1611 1900 1832 1956 ctiones
1885 1901 2335 1968 commendaret.
2407 1905 2498 1956 De
2537 1903 2632 1956 Ae-

1611 1987 1680 2050 gy
1727 1970 1940 2024 tiorum
1986 1971 2249 2024 moribus
2305 1971 2416 2024 hac
2475 1969 2532 2022 in
2576 1987 2632 2022 re

1609 2057 1669 2090 vi
1715 2054 1745 2090 e
1810 2033 2134 2091 Diodorum
2203 2037 2470 2092 Siculum
2493 2075 2509 2100 ,
2571 2037 2633 2090 de

1611 2105 1912 2160 Chaldaeis
1931 2143 1948 2170 ,
2001 2122 2320 2178 eorumque
2355 2105 2535 2178 impia
2565 2107 2634 2160 le-

1611 2191 1680 2245 ge
1713 2171 2084 2226 Theodorum
2103 2173 2502 2239 Metoehitam,
2521 2175 2630 2227 vul-

1611 2259 1684 2314 go
1719 2242 1951 2311 Glycam
1984 2248 2155 2313 parte
2189 2261 2271 2294 ιι.
2311 2240 2538 2296 Αηηαὶ.
2573 2261 2628 2314 p.

1615 2311 1728 2379 198.
1803 2307 1917 2364 Sed
1957 2309 2108 2362 unde
2131 2348 2148 2376 ‚
2185 2310 2317 2382 quis
2360 2326 2631 2382 quaerere

1610 2376 1697 2451 (p.
1722 2378 1880 2444 166.)
1918 2377 2084 2451 poffit
2103 2416 2120 2444 ,
2159 2377 2316 2451 quod
2346 2395 2631 2452 germanas

1611 2446 2058 2518 consanguineas
2091 2452 2208 2500 non
2241 2458 2433 2500 autem
2467 2446 2631 2500 uteri·

1610 2516 1712 2567 na's
1753 2514 1986 2566 licuerit
2019 2514 2454 2570 Athenienfibus
2499 2515 2632 2569 acci-

1653 2598 1752 2635 ere
1781 2582 2036 2635 uxores?
2093 2586 2255 2636 Duae
2283 2585 2630 2637 Graecorum

1633 2648 2036 2721 egis.rationes
2057 2650 2222 2703 reddi
2248 2653 2499 2725 poffunt.
2519 2652 2630 2705 Pri-

1609 2734 1700 2771 ma
1739 2716 1846 2780 est,
1885 2718 2020 2789 quia
2053 2718 2116 2789 in
2145 2718 2396 2774 vitandis
2427 2720 2630 2792 nuptiis

1607 2796 1930 2839 maternum
1995 2804 2171 2857 genus
2193 2824 2210 2851 ,
2293 2797 2358 2840 ut
2406 2789 2629 2849 certius,

1608 2852 1787 2926 magis
1841 2854 1914 2907 sit
1949 2853 2372 2909 attendendum.
2446 2856 2630 2910 Altera

1609 2940 1674 2977 ac
1693 2920 1896 2995 potior
1911 2922 2018 2977 ess'e
2037 2921 2268 2977 videtur
2283 2961 2300 2989 ,
2378 2922 2501 2978 uod
2517 2940 2630 2978 cum

1610 2994 2036 3048 Denter-onom.
2072 3010 2210 3045 1111.
2243 2994 2295 3046 6.
2379 3004 2539 3046 rater
2571 3011 2628 3044 u-

1609 3058 1830 3111 terinus
1861 3070 2116 3131 ponatur
2151 3069 2214 3113 ut
2249 3062 2629 3129 coniunctior,

1609 3142 1852 3195 eumque
1879 3143 2096 3193 morem
2119 3128 2389 3183 ,Hebraei
2424 3129 2632 3183 fuerint

1609 3196 1820 3263 secuti,
1849 3194 1933 3245 uti
1960 3194 2118 3258 fecit,
2155 3195 2464 3251 secundum
2493 3196 2632 3250 Rab-

1606 3263 1781 3317 binos
1829 3262 2142 3334 plerosque
2174 3300 2191 3327 ‚
2255 3262 2632 3327 AbrahamuS,

1609 3330 1709 3402 qui
1741 3332 1960 3385 Saram-
1983 3334 2206 3386 Tharne
2237 3334 2416 3411 filiam
2451 3352 2523 3387 ex
2563 3333 2633 3385 al·

1607 3408 1734 3453 tera
1779 3416 1958 3451 uxore
2002 3402 2062 3454 in
2123 3402 2502 3457 matrimonio
2547 3402 2633 3453 ha·

1607 3466 1788 3520 buiss'e
1825 3465 2112 3533 ereditur,
2153 3470 2517 3525 consuetudo
2544 3470 2635 3522 illa

1603 3552 1718 3607 per
1759 3534 2124 3601 Phoenices,
2177 3539 2392 3611 quibus
2443 3540 2521 3593 ab
2569 3537 2633 3590 A.

1609 3602 1780 3657 chille
1835 3603 2004 3658 Tatio
2052 3606 2179 3660 Lib.
2233 3627 2279 3660 1.
2333 3608 2634 3668 tribuitur,

1609 3672 1837 3725 venerit
1879 3671 1953 3724 ad
2015 3672 2415 3731 Athenienses.
2501 3676 2638 3740 Sunt

1608 3748 1798 3791 tamen
1827 3739 1964 3805 alii,
2023 3742 2180 3815 quod
2219 3744 2464 3803 Grotius
2497 3760 2632 3816 quo-

1608 3821 1722 3878 quc
1755 3809 2014 3875 notavit,
2079 3812 2178 3883 qui
2229 3813 2496 3878 censent,
2544 3812 2634 3866 Sa-

1593 3892 1732 3928 ‘ram
1747 3892 2014 3931 sororem
2031 3878 2145 3932 dici
2167 3896 2329 3933 more
2343 3882 2634 3941 Hebraeo,

1607 3960 1735 3997 cum
1771 3962 1888 3997 nou
1921 3946 2102 4002 fuerit
2145 3947 2388 4029 ἀδελφή
2421 3949 2526 4004 sed
2574 3967 2632 4001 a·

1595 4010 1898 4081 ·ὁελφιὸἠ,
1939 4012 2000 4066 id
2035 4017 2140 4081 est,
2176 4016 2378 4071 fratris
2413 4017 2554 4083 filia,
2580 4027 2636 4071 et

1595 4098 1725 4133 non
1755 4080 2070 4154 patruelis,
2106 4095 2170 4139 ut
2199 4084 2369 4140 Valla
2404 4096 2463 4139 et
2477 4086 2636 4157 Erasf

1603 4166 1727 4204 mus
1755 4161 2052 4223 putarunt.
2111 4154 2286 4242 Quos
2319 4170 2392 4209 eo
2408 4155 2636 4211 nomine
