2763 4797
642 223 648 248 l

2002 139 2030 176 Ἰ

436 285 558 358 452
927 220 1560 349 [CORNELII
1648 286 2193 388 meroris

393 514 406 538 x
441 494 618 550 tibias
635 513 780 550 vero
802 487 1179 570 aspernatum
1192 498 1318 563 effe,
1366 495 1487 552 uod

413 563 564 633 „lyra
596 563 840 636 ‚quidem
895 577 953 618 et
998 567 1226 654 plectra
1269 585 1345 619 nu
1373 569 1486 618 lam

439 648 630 703 neque
682 633 940 705 figurae,
1011 650 1200 706 neque
1239 634 1485 698 formae,

441 717 592 774 quae
642 701 896 755 liberum
953 700 1189 766 deccat,
1259 715 1488 776 partem

442 780 822 842 corrumpant
873 781 970 822 aut
1006 769 1364 824 deforment:
1416 771 1503 835 ti<

349 843 354 860 ¹
439 834 576 888 biae
617 855 764 894 vero
803 837 1089 912 hominis,
1131 856 1241 902 ,eas
1271 857 1375 892 ore
1404 841 1487 890 in-

441 901 667 968 flantis,
708 907 961 978 speciem
1001 908 1078 960 ita
1115 904 1389 960 diducant
1406 919 1487 960 at-

443 987 558 1054 que
588 973 920 1037 immutent,
957 985 1022 1027 ut
1047 993 1120 1027 ne
1157 975 1489 1028 familiaris-

444 1039 574 1094 simi
591 1041 826 1112 quidem
848 1042 1135 1096 interdum
1152 1051 1487 1116 agnoscant.

441 1109 756 1163 Praeterea
789 1113 915 1180 lyra
947 1111 1178 1184 quidem
1223 1130 1352 1164 cum
1394 1127 1489 1176 eo,

443 1174 546 1250 qui
575 1193 644 1230 ea
672 1179 890 1242 utitur,
929 1189 1242 1244 consonat,
1271 1179 1490 1233 conci-

443 1245 566 1307 nit,
605 1256 683 1308 et,
720 1263 906 1318 paene
940 1244 1162 1312 dicam,
1205 1247 1489 1320 colloqui-

437 1315 576 1368 tur:
610 1313 756 1367 tibia
781 1331 926 1368 vero
959 1315 1180 1367 homini
1222 1316 1368 1368 tibia
1402 1333 1491 1370 ca·

443 1381 606 1435 nenti
649 1401 714 1436 os
759 1382 1034 1446 obturat,
1071 1401 1276 1437 vocem
1313 1385 1491 1437 inter·

402 1445 646 1512 mlada,
687 1467 1012 1503 sermonem
1029 1449 1250 1504 adimit.
1275 1454 1491 1530 Quare,

446 1516 1042 1585 inquit,Alcibiades‚
1079 1519 1231 1576 tibia
1267 1527 1497 1574 canant

454 1584 882 1642 Thebanorum
918 1583 1093 1647 filii.-
1166 1607 1290 1642 non
1329 1589 1493 1644 enim

446 1651 608 1726 loqui
659 1654 871 1708 sciunt.
916 1655 1040 1710 Nos
1083 1665 1283 1712 autem
1307 1657 1491 1712 Athe-

445 1725 718 1784 nienses,
757 1720 1000 1794 quibus,
1055 1731 1120 1778 ut
1151 1743 1186 1778 a
1218 1724 1495 1794 patribus

431 1791 788 1864 occepimus
809 1827 825 1854 ,
882 1789 1174 1846 Minerva
1203 1801 1295 1846 est
1319 1795 1491 1864 prin-

447 1879 580 1932 ceps
596 1895 612 1921 ,
653 1866 827 1932 atque
841 1859 1096 1915 antistes
1112 1859 1329 1932 Apollo
1345 1856 1494 1916 ‹le‘us

444 1929 714 2003 patrius,
767 1944 1016 1998 quorum
1059 1925 1216 1983 alter
1251 1930 1494 2000 D‘Iarsy-

447 2015 552 2054 am
595 1995 906 2052 tibicinem
955 1995 1113 2069 pelle
1151 1998 1350 2062 exuit,
1404 1997 1494 2052 al·

446 2072 578 2120 tera
611 2064 801 2120 tibias
823 2060 1080 2135 abjecit,
1136 2064 1268 2136 lyra
1300 2085 1372 2120 ac
1410 2085 1495 2122 ce-

447 2133 594 2188 teris
629 2131 819 2188 libero
849 2133 1060 2206 dignis
1091 2135 1346 2218 organis
1365 2141 1495 2189 uta-

445 2219 604 2256 mur.
649 2198 764 2257 Sed
787 2202 1127 2259 Athenaeus
1142 2203 1246 2257 hb.
1264 2208 1316 2270 4.
1337 2210 1492 2258 ext-r.

449 2271 564 2334 ait,
607 2272 720 2324 scri
768 2281 886 2324 tum
930 2273 1039 2324 eII'e
1075 2289 1106 2323 a
1140 2269 1494 2328 Chamaele-

449 2344 590 2393 onte
617 2340 714 2411 qui
763 2357 852 2392 em
885 2338 1281 2406 ,Herae-lenta,
1319 2341 1493 2393 Lace·

449 2406 790 2463 daemonius
825 2408 974 2462 tibia
1003 2408 1231 2463 discere
1268 2408 1494 2473 solitOS,

375 2534 383 2545 ⁸
447 2485 509 2529 et
539 2477 918 2539 Heracleotae
938 2514 954 2541 ,
993 2479 1094 2549 qui
1127 2480 1377 2532 Pontum
1411 2476 1494 2529 in-

449 2542 710 2607 colunt‚·
741 2555 800 2598 et
841 2544 1002 2598 viros
1058 2544 1497 2602 Atheniensium

451 2610 823 2676 clariffimos»,
886 2613 1128 2667 Calliam
1172 2610 1494 2685 Hipponici

449 2676 528 2729 fit.
553 2688 610 2729 et
623 2679 868 2733 Critiam
886 2680 1270 2735 Callaeschri:
1312 2696 1344 2732 a
1366 2681 1494 2735 Du-

452 2744 585 2799 ride
615 2764 796 2811 vero,
835 2748 1010 2801 etiam
1041 2746 1405 2803 Alcibiadem
1420 2751 1494 2803 ti-

451 2814 552 2867 bia
587 2815 829 2884 canendi
875 2816 1177 2870 scientiam
1205 2833 1237 2868 a
1271 2818 1495 2872 Prono-

449 2896 548 2935 mo
581 2880 870 2952 didiciss'e3
910 2884 984 2937 ab
1022 2884 1404 2949 Aristoxeno,
1424 2888 1495 2939 E-

495 2950 865 3006 aminondam
929 2954 1269 3007 Thebanum
1343 2952 1498 3025 apud

491 3018 937 3099 olympiodorum
999 3032 1059 3075 et
1110 3022 1497 3093 Orthagoram

449 3086 587 3141 huic
628 3088 907 3143 scientiae
966 3106 1206 3163 operam
1260 3086 1493 3157 dediss'e‚

451 3156 782 3228 multosque
808 3157 1224 3229 Pythagoricos
1243 3194 1259 3223 ,
1299 3166 1357 3209 et
1388 3158 1497 3211 Ar·

453 3223 678 3293 chytam
705 3224 916 3297 ipsum,
953 3225 1194 3280 eandem
1215 3236 1399 3279 artem
1413 3224 1497 3278 di-

453 3290 650 3345 diciss'e
667 3287 838 3365 atque
861 3294 1194 3349 exercuisse.
1230 3294 1324 3347 M.
1359 3291 1498 3347 Tul-

453 3356 576 3414 lius
613 3376 756 3414 vero
810 3363 915 3417 lib.
957 3383 999 3415 1.
1049 3362 1222 3417 Tuse.
1267 3362 1497 3433 Epami-

451 3426 704 3480 nondam
750 3447 868 3483 non
908 3430 1087 3493 tibia,
1138 3428 1241 3483 sed
1284 3429 1499 3485 fidibus

450 3496 756 3567 praeclare
799 3500 1063 3573 ceciniss'e
1097 3496 1259 3551 dicit.
1327 3496 1500 3577 Quod

452 3572 644 3615 autem
663 3564 737 3616 ad
755 3566 1120 3622 saltationem
1150 3566 1387 3627 attinet,
1430 3566 1497 3617 ii·

453 3628 585 3684 dem
611 3641 778 3698 erant
811 3635 952 3687 olim
979 3634 1284 3689 saltatores
1306 3644 1362 3686 et
1373 3634 1499 3707 phi.

449 3699 705 3783 Iosophi.
758 3701 961 3773 Itaque
987 3702 1176 3756 refert
1205 3700 1501 3759 Athenae-

452 3786 525 3822 us
560 3767 718 3822 libro
750 3788 794 3821 1.
843 3771 1255 3842 philosophum
1298 3769 1501 3840 Pytha-

453 3852 696 3907 goreum
721 3836 1027 3909 quendam,
1057 3840 1210 3891 Mem
1255 3838 1373 3890 him
1400 3855 1494 3892 co-

453 3906 727 3977 gnomine
747 3941 763 3969 ‚
817 3901 1186 3979 disciplinam
1261 3906 1497 3977 ythago-

451 3973 1497 4113 :ttffn’affuffi.⁹‚{¹÷?,¹3‘¹3.3.⁰0”J1{¹:-3}r⁰.¹'’

1476 4076 1494 4106 ⁹

453 4126 625 4179 quam
647 4144 666 4175 ,
713 4105 815 4181 qui
845 4120 1027 4163 artem
1054 4108 1283 4163 dicendi
1359 4108 1495 4161 rofi-

1556 509 1615 552 et
1644 497 1919 552 Telestem
1954 498 2216 568 Aeschyli
2244 499 2609 560 saltatorem,

1555 576 1776 622 tantum
1810 567 1972 619 fuiss'e
2012 561 2255 619 saltandi
2300 565 2610 628 artificem,

1556 645 1619 686 ut
1676 634 2036 706 tragoediam
2086 633 2377 707 quandam
2426 643 2612 685 totam

1556 703 1835 768 saltando⁸
1881 703 2267 774 exprimeret,
2326 701 2611 765 doceret,

1558 787 1623 822 ac
1654 769 1999 824 declararet.
2074 773 2349 824 Proteum
2392 787 2515 822 non
2552 787 2609 821 a·

1556 838 1693 890 liam
1720 840 1799 892 o'b
1834 841 2057 891 causam
2094 853 2287 890 rerum
2306 840 2613 890 variarum

1559 907 1813 978 speciem
1854 905 2102 958 formam
2142 923 2216 958 ue
2249 904 2493 958 induiss'e
2528 906 2611 959 fe-

1558 985 1728 1039 runt,
1788 991 1960 1047 quam
1992 995 2107 1046 quo
2194 973 2457 1028 saltando
2490 993 2610 1026 om..

1557 1043 1719 1094 nium
1739 1059 1937 1096 rerum
1958 1042 2612 1114 omniumque-animan-

1559 1108 1705 1162 tium
1742 1111 1962 1164 formas
2002 1111 2286 1172 referret,
2340 1111 2423 1162 ita
2456 1122 2522 1164 ut
2554 1122 2613 1165 et

1560 1194 1745 1248 aquae
1774 1179 2077 1230 humorem
2098 1213 2116 1244 ‚
2168 1189 2225 1230 et
2257 1175 2449 1232 leonis
2493 1179 2609 1233 ira-

1562 1245 1828 1299 cundiam
1842 1283 1860 1310 ,
1894 1255 1951 1298 et
1971 1247 2199 1318 pardali
2213 1245 2535 1310 feritatem,
2554 1259 2613 1301 et

1562 1312 1712 1394 ignis
1746 1314 2101 1367 celeritatem
2122 1349 2140 1381 ‚
2192 1313 2517 1394 etat-boris
2550 1333 2609 1368 a-

1562 1383 1925 1464 gitationem,
1954 1383 2231 1436 motionis
2253 1385 2612 1456 pernicitate

1562 1451 1906 1504 imitaretur.
1979 1453 2263 1528 Empusa,
2303 1465 2476 1520 quam
2508 1472 2612 1524 pu-

1560 1528 1686 1572 tant
1716 1518 1903 1590 ‚vulgo
1933 1530 2223 1589 spectrum
2247 1518 2451 1582 fuine,
2490 1539 2613 1574 mu·

1558 1586 1674 1640 lier
1706 1585 1963 1640 saltatrix
1978 1585 2107 1650 fuit,
2130 1605 2277 1660 quae
2292 1588 2611 1654 celerrimo

1561 1652 1774 1728 pedum
1803 1654 2097 1726 totiusque
2134 1655 2408 1730 corporis
2450 1669 2613 1710 motu

1562 1722 1756 1776 varias
1800 1738 1999 1774 rerum
2038 1722 2254 1778 formas
2294 1727 2611 1816 spectanti·

1562 1807 1660 1842 um
1693 1788 1897 1843 oculis·
1924 1789 2231 1856 objiceret.
2308 1793 2613 1863 Loryban-

1562 1867 1680 1923 tes,
1720 1875 1867 1930 quos
1896 1857 2232 1913 fabulantur
2262 1865 2479 1934 poetae
2516 1879 2611 1914 va-

1556 1923 1571 1933 *
1605 1926 1747 1978 itum
1788 1925 1953 1978 {lovis
1995 1931 2284 1992 nascentis
2329 1929 2405 1981 ab
2456 1929 2611 1982 auri-

1562 1942 1673 2049 {us
1706 1993 1940 2048 Saturni
1970 1995 2267 2064 avertiss'e3
2324 1997 2529 2052 Castor
2558 2007 2614 2062 ,et

1563 2062 1770 2117 Pollux
1788 2096 1805 2124 ,
1874 2079 2124 2133 quorum
2154 2065 2419 2129 'alterum
2446 2065 2612 2137 equi-

1564 2140 1682 2185 tem
1698 2166 1717 2193 ,
1754 2129 2000 2182 alterurn
2022 2132 2279 2206 pugilem
2300 2133 2471 2185 fuiffe
2494 2149 2611 2184 me·

1565 2197 1789 2251 moriae
1824 2194 2125 2268 proditum
2162 2200 2273 2268 est;
2317 2199 2611 2271 Orpheus,

1564 2269 1868 2328 Musaeus,
1928 2267 2185 2322 Bacchus
2222 2268 2383 2342 ipse,
2436 2285 2611 2340 prae-

1562 2326 1767 2388 stantes
1804 2331 2110 2390 saltatores
2136 2336 2395 2390 fuerunt.
2436 2337 2615 2392 Plura

1564 2413 1755 2455 autem
1784 2400 1855 2455 de
1887 2403 2143 2468 musica,
2198 2414 2257 2458 et
2302 2404 2611 2459 saltatione

1566 2470 1664 2543 qui
1695 2486 2053 2542 cognoscere
2069 2473 2258 2537 volet,
2299 2473 2454 2547 legat
2469 2472 2613 2528 Plu-

1563 2538 1769 2593 tarchi
1810 2536 2035 2593 librum
2076 2540 2152 2597 de
2200 2546 2437 2599 musica
2468 2576 2487 2608 ,
2556 2552 2612 2595 et

1565 2608 1826 2665 Luciani
1849 2603 1925 2661 de
1956 2604 2283 2665 saltatione
2300 2647 2316 2678 ,
2356 2622 2417 2665 et
2436 2610 2611 2667 Athe-

1564 2678 1709 2733 naei
1740 2676 1845 2728 lib.
1889 2678 1969 2742 ¹4·
2016 2676 2238 2731 Laudat
2266 2688 2327 2733 et
2368 2679 2611 2749 Polybi-

1564 2764 1635 2800 us
1672 2742 1865 2797 multis
1899 2744 2101 2799 verbis
2139 2747 2402 2800 mulicam
2452 2750 2611 2804 libro

1563 2819 1618 2883 4.
1662 2811 1971 2885 Ephorum
1998 2814 2309 2878 refellens,
2348 2818 2450 2889 qui
2472 2818 2611 2878 scri-

1564 2882 1714 2955 psit,
1748 2880 2007 2933 mulicam
2036 2880 2209 2935 initio
2239 2885 2347 2936 ell’e
2380 2904 2615 2959 compa·

1564 2959 1751 3002 ratam
1796 2965 1863 3001 ac
1892 2960 2208 3021 ·repertam
2242 2950 2315 3004 ad
2346 2953 2615 3007 homines

1566 3014 1881 3089 capiendos
1910 3026 1970 3075 et
1998 3017 2316 3073 fallendos:
2356 3032 2413 3073 et
2433 3022 2619 3077 Plato

1565 3084 1724 3138 libro
1758 3089 1811 3153 4.
1850 3082 1926 3144 de
1958 3083 2268 3157 republica
2300 3098 2360 3141 et
2380 3091 2615 3146 Arista-

1567 3150 1711 3209 teles
1758 3154 1867 3207 lib.
1898 3159 1953 3213 8.
2006 3152 2179 3227 polit.
2228 3172 2266 3208 a
2309 3161 2513 3231 capite
2560 3162 2612 3215 3.

1568 3238 1749 3294 usque
1782 3218 1865 3275 ad
1892 3229 2141 3282 est-trem.
2160 3223 2505 3281 Lambinus.
2523 3226 2619 3279 ad-

1536 3289 1639 3343 .de
1682 3288 1753 3342 de
1803 3296 2009 3346 mufica
2072 3290 2337 3347 Vos-‘sium
2384 3292 2505 3349 lib.
2548 3295 2621 3350 de

1568 3366 1826 3431 quatuor
1850 3360 2032 3418 artib.
2066 3357 2344 3432 popular.
2384 3380 2522 3436 cap.
2560 3370 2617 3431 4.

1566 3444 1725 3479 num.
1758 3439 1845 3484 22.
1876 3436 1938 3485 et
1966 3427 2161 3483 deinc.
2200 3426 2273 3480 de
2302 3431 2623 3486 saltatione

1570 3494 1912 3553 Meursium
1987 3495 2107 3551 lib:
2164 3494 2241 3553 de
2303 3498 2623 3557 orchestra

1572 3564 1955 3621 Graecorum.
1982 3568 2122 3619 Bos.
2180 3566 2299 3617 Pro
2344 3566 2625 3624 videmur

1568 3630 1784 3705 debere
1825 3634 1982 3689 Volr.
2030 3634 2101 3685 B.
2146 3630 2421 3702 videmur
2446 3635 2624 3692 velle.

1566 3702 1789 3755 Musice
1832 3718 1866 3755 a
1906 3700 2147 3757 Graecis
2190 3702 2336 3755 tanti
2370 3704 2491 3757 fuit
2524 3722 2623 3757 ae-

1568 3767 1785 3837 stimata
1804 3808 1820 3837 ‚
1867 3781 1934 3823 ut
1962 3770 2121 3822 inter
2148 3778 2305 3824 artes
2332 3770 2627 3826 liberales

1568 3835 1697 3889 fere
1726 3838 1917 3908 prima
1958 3836 2155 3890 habita
2200 3835 2419 3902 fuerit,
2458 3840 2627 3894 unde

1569 3907 1801 3979 saepius
1846 3924 1979 3960 cum
2015 3902 2239 3979 litteris
2273 3924 2393 3967 non
2426 3908 2625 3963 selum

1568 3970 1664 4044 (p.
1686 3976 1867 4094 40¹„qul
1922 3974 2122 4045 jungi,
2182 3988 2391 4027 verum
2438 3976 2626 4031 etiam

1608 4058 1679 4094 ro
1712 4042 1822 4095 arti
1870 4060 1937 4095 us
1969 4040 2315 4097 liberalibus
2352 4043 2505 4114 poni
2528 4062 2625 4097 so.

1588 4120 1666 4163 et.
1728 4110 1985 4172 Consule
2030 4108 2232 4164 Celeb.
2284 4110 2335 4163 J.
2380 4113 2627 4166 Perizo-

452 4184 671 4244 tentur,
708 4178 909 4235 verbis
927 4177 1220 4252 explicare
1233 4194 1314 4252 po
1359 4185 1457 4231 ent
1474 4196 1495 4231 z
1562 4176 1727 4231 nium
1765 4175 1839 4231 ad
1868 4176 2099 4251 Aelian-
2132 4176 2266 4232 laih.
2290 4192 2350 4245 7.
2420 4182 2499 4239 V.
2546 4182 2621 4239 Η.
