2763 4797
461 333 756 385 mxxxvii!
1090 315 1338 379 ’.ΓΕΒ
1383 318 1510 381 ΤΙ
1556 280 2016 385 MONIA.

379 604 382 611 ,
463 546 645 631 pluris
661 546 888 629 ficiunt
919 567 1104 609 novem
1126 532 1346 627 sorores
1365 592 1384 624 ‚
1408 526 1419 536 ”
1442 546 1631 633 Qtam
1660 568 1876 611 cunctos
1912 549 2083 623 alios,
2110 556 2115 575 '
2144 551 2391 613 Marone
2432 553 2637 611 demto.
2715 571 2716 615 ῖ

463 654 728 718 Pacatum
762 652 908 714 haud
951 654 1110 715 dubie
1135 676 1146 687 ·
1157 654 1318 736 poeta
1351 656 1512 719 dicis.
1596 654 1719 737 Ipse
1751 654 1845 733 est.
1902 656 2175 737 intrepide
2218 657 2400 718 volate
2428 656 2638 737 verfics.

461 765 579 827 Hic·
615 782 709 823 vos
745 762 976 843 diligere
1002 781 1056 820 et
1089 761 1234 821 volet
1264 766 1441 835 tueri,
1488 762 1571 836 Et
1602 760 1775 848 nudos
1799 763 2007 843 gremio
2024 761 2222 849 favere
2250 748 2394 824 tuto,
2440 764 2641 842 (Hoc

469 884 684 935 autem
735 866 965 933 ordine
1015 868 1138 931 hos
1195 870 1528 952 proximos
1574 866 1799 931 versus
1835 868 1961 931 esse
2008 868 2032 927 l
2076 870 2359 950 gendos,
2406 884 2474 931 et
2506 868 2647 952 ‘pro
2714 866 2716 883 '

449 978 678 1062 favete,
735 977 962 1059 fovere,
1035 976 1520 1061 reponendum,
1582 972 1750 1049 vidit
1786 976 1882 1037 cl.
1918 977 2018 1036 Pu
2049 997 2284 1053 eanus;
2331 976 2509 1041 idem
2540 990 2639 1037 ta..

461 1105 612 1147 men
644 1084 866 1142 nudum
881 1086 940 1142 in
968 1085 1174 1163 gremio
1214 1082 1418 1164 legit,
1445 1095 1535 1145 ut
1568 1080 1764 1144 habet
1802 1081 2005 1144 editio
2039 1082 2521 1167 Lugdunensis,
2574 1098 2641 1149 et
2716 1072 2718 1105 ³

464 1192 786 1273 Antv‘erp.
825 1202 895 1249 ut
929 1201 1239 1271 congruat
1278 1208 1426 1253 cum
1458 1207 1622 1251 voce
1671 1188 1867 1267 nate.)
1950 1184 2178 1273 Neque
2210 1210 2372 1251 vero
2412 1211 2635 1275 quem-

467 1320 656 1383 quam
692 1316 956 1359 movere
993 1295 1230 1369 debet,
1279 1292 1454 1379 quod
1488 1271 1774 1356 Catullus
1802 1294 1975 1357 hunc
1995 1296 2274 1360 eundem
2291 1301 2639 1383 Nepotem,

391 1450 396 1459 -
461 1404 692 1469 Italum
743 1403 929 1466 fuiss'e
981 1401 1337 1487 significat,
1399 1401 1633 1485 primis
1668 1401 1991 1465 versibus.
2058 1407 2163 1467 Cui
2198 1403 2336 1461 dono
2372 1403 2635 1483 lepidum,

466 1534 664 1574 novum
698 1510 932 1572 libellum
953 1553 970 1584 ,
1014 1493 1193 1572 Arida
1224 1510 1378 1571 modo
1423 1514 1631 1593 pumice
1661 1509 2003 1599 expolitum?
2050 1509 2294 1583 Corneli,
2318 1508 2455 1571 tibi:
2482 1529 2636 1570 nam-

468 1638 569 1698 que
603 1639 665 1679 tu
684 1618 894 1699 solebas
917 1618 1093 1678 Adeas
1128 1615 1228 1698 effe
1260 1618 1473 1701 aliquid
1496 1636 1695 1699 putare
1730 1635 1899 1701 nugas
1936 1613 2077 1693 Jam
2114 1636 2229 1677 tum
2248 1662 2265 1692 ,
2322 1640 2441 1677 cum
2481 1618 2639 1697 ausus

467 1746 523 1782 es·
556 1746 695 1784 unus
733 1724 1004 1786 Italorum
1054 1728 1224 1785 Omne
1262 1746 1449 1785 aevum
1492 1725 1673 1805 tribus
1700 1724 1979 1805 explicare
2011 1706 2235 1785 chartis.
2252 1728 2267 1750 ”
2320 1730 2485 1786 Nam
2524 1746 2637 1785 ora

471 1832 719 1893 Gallica
755 1850 834 1893 ex
868 1831 1125 1918 antiqua
1161 1830 1595 1916 descriptione
1636 1832 1715 1893 ab
1750 1832 2014 1894 Ancona
2042 1831 2300 1893 initium
2326 1806 2540 1906 ducit,
2578 1846 2639 1894 et

467 1959 676 2021 usque
713 1938 792 1998 ad
836 1938 1037 2023 Alpes
1075 1939 1471 2023 porrigitur:
1542 1954 1607 2003 et
1655 1952 1866 2002 tamen
1922 1958 2091 2001 nunc
2148 1940 2318 1998 Italia
2374 1938 2637 2012 dicitur,

465 2025 931 2124 Italtaquaoli'm
965 2046 1320 2108 dicebatur.
1406 2049 1626 2130 Itaque
1667 2061 1734 2109 et
1770 2046 1881 2133 qui
1928 2058 2103 2108 trans
2144 2046 2394 2109 Padum
2431 2066 2637 2129 usque

468 2146 548 2209 aad
581 2150 1027 2226 Rubiconem,
1073 2164 1138 2214 et.
1184 2153 1295 2237 qui
1335 2155 1429 2215 cis
1473 2150 1719 2217 Padum
1768 2176 1977 2239 usque
2028 2154 2108 2216 ad
2154 2146 2356 2237 Alpes
2393 2153 2637 2213 incole-

469 2255 658 2325 bant,
711 2256 866 2319 Galli
915 2258 1316 2323 dicebantur.
1408 2261 1519 2324 Illa
1568 2251 1741 2323 enim
1793 2276 1931 2324 erat
1983 2260 2164 2321 Gallia
2210 2278 2394 2341 togata
2418 2302 2435 2333 ‚
2478 2258 2636 2319 haec

473 2362 869 2443 Transpadana
909 2366 1073 2448 (eas
1113 2369 1366 2454 appello
1404 2382 1472 2430 ut
1500 2368 1695 2432 homo
1714 2368 1948 2431 'Gallus
1970 2411 1987 2442 ,
2035 2382 2101 2430 et
2141 2368 2210 2428 in
2242 2368 2405 2429 urbe
2444 2369 2639 2428 Lute-

462 2461 557 2556 tia
579 2469 747 2534 'haec
773 2471 1084 2547 scribens,
1131 2477 1320 2536 aliter
1355 2476 1791 2560 appellaturus
1820 2519 1839 2550 ,
1886 2478 1941 2536 si
1956 2478 2203 2554 Romae
2224 2475 2635 2555 scriberem.)

467 2580 556 2640 Et
595 2580 847 2642 rursum
881 2581 1081 2644 iidem
1117 2584 1376 2665 utrique
1409 2585 1547 2646 Itali
1585 2583 1965 2646 dicebantur
1988 2627 2004 2656 ‚
2054 2585 2111 2644 si
2130 2582 2393 2667 quidem
2410 2580 2639 2644 verum

445 2683 892 2760 ·est,1taliam
939 2711 975 2750 a
1019 2704 1243 2750 natula
1281 2687 1556 2774 Alpibus
1592 2687 1781 2754 fuiss'e
1813 2689 2155 2762 munitam,
2212 2703 2284 2750 ut
2336 2687 2462 2764 est,
2522 2689 2635 2751 Al-

463 2815 713 2878 pesque
765 2803 830 2858 et
883 2817 1052 2859 nunc
1109 2799 1274 2879 ess'e,
1353 2811 1419 2858 et
1474 2796 1629 2857 olim
1672 2798 1859 2860 fuiss'e
1914 2815 2286 2860 communes
2324 2797 2543 2858 Italiae
2576 2809 2638 2856 et

424 2885 719 2964 Galliae
762 2887 1101 2965 terminos.
1187 2902 1400 2967 Restat
1446 2913 1651 2978 nune¹,
1712 2917 1787 2966 ut
1831 2902 2205 2965 sententiam
2246 2923 2453 2964 meam
2488 2923 2636 2984 ape-

467 3007 667 3080 liam,
747 2995 1128 3076 videatulne
1169 3011 1485 3074 Aemilius
1533 3010 1830 3081 Probus,
1904 3031 1982 3068 an
2028 3007 2372 3080 Cornelius
2415 3012 2635 3089 Nepos

465 3111 696 3206 limum
747 3116 1022 3180 vitarum
1073 3108 1369 3200 sci-‚ipfor
1452 3116 1747 3180 Difficile
1797 3114 2059 3199 quidem
2108 3127 2173 3175 et
2204 3115 2638 3196 periculosum

459 3213 775 3300 judicium
811 3219 932 3285 est·
975 3245 1091 3286 vei
1099 3247 1200 3286 um
1237 3207 1493 3295 tamen',
1542 3246 1685 3286 cum
1705 3223 1945 3284 etmihi
1973 3211 2339 3306 persuasum
2371 3221 2480 3293 sit,
2524 3219 2637 3279 has

465 3327 672 3402 Vitas,
737 3343 1076 3414 antequam
1124 3327 1555 3412 impetatores
1606 3331 1911 3416 perpetui
1968 3322 2360 3390 dominatum
2392 3329 2636 3396 Romae

467 3434 840 3503 obtinerent
863 3478 879 3508 ‚
927 3439 1054 3498 esse
1089 3435 1360 3520 scriptas
1381 3480 1398 3508 ‚
1460 3449 1525 3498 et
1562 3437 1777 3498 Probus
1805 3459 1938 3500 non
1973 3437 2058 3498 sit
2090 3436 2356 3497 illorum
2388 3432 2636 3516 prisco-

321 3552 328 3561 ‘
383 3585 390 3596 .
466 3562 611 3638 rum
642 3555 1442 3627 temporum-cognomen,
1488 3541 1618 3605 sed‘
1641 3541 2121 3615 recentiorum,
2173 3556 2239 3602 et
2276 3541 2477 3623 longe
2518 3557 2637 3621 po-

465 3645 610 3709 ssei
575 3669 696 3709 101
700 3670 842 3710 um.
885 3649 1045 3712 mihi
1076 3651 1338 3713 videtur
1371 3651 1715 3713 Cornelius
1744 3647 1967 3733 Nepos
1997 3649 2239 3734 potius,
2286 3667 2478 3731 quam
2512 3646 2635 3706 Ae-

465 3753 680 3818 milius
719 3755 1018 3832 Probus,
1080 3777 1275 3819 verus
1309 3757 1499 3838 hujus
1531 3757 1691 3821 libri
1728 3777 1965 3842 parens
2004 3768 2070 3816 et
2103 3768 2329 3814 auctor
2363 3753 2496 3814 effe
2531 3771 2637 3833 ag-

465 3861 858 3926 noscendus:
904 3863 990 3924 ita
1023 3875 1267 3937 tamen,
1311 3877 1383 3924 ut
1414 3863 1594 3924 suum
1630 3865 1863 3950 cuique
1886 3861 2196 3944 judicium
2218 3861 2501 3922 liberum
2532 3878 2637 3918 re-

465 3963 785 4053 linquam,
830 3969 1203 4058 neque5hoc
1238 3969 1398 4032 mihi
1435 3971 1709 4046 sumam,
1776 3987 1884 4044 ut,
1954 3969 2064 4053 qui
2098 3969 2291 4030 aliter
2334 3967 2631 4033 sentiant,

465 4085 762 4156 tanquam
816 4073 1242 4158 desipientes,
1318 4089 1426 4137 aut
1475 4091 1807 4152 errantes„
1870 4101 1905 4138 a
1955 4097 2059 4138 me
2098 4074 2630 4139 condemnentur.

464 4177 730 4263 >Scripsst
763 4194 974 4267 autem
1008 4183 1366 4246 Cornelius'
1398 4187 1617 4276 Nepos
1654 4184 2006 4258 Chronica,
2053 4198 2122 4247 ut
2140 4181 2405 4245 testatur
2420 4179 2626 4268 Auso-

1203 4379 1219 4424 Ι
