2763 4797
440 274 581 347 ,ιω
800 267 1473 335 “CORNELH
1555 242 2106 335 NE‘PoTis

472 412 611 421 ..,-.--.-.

464 473 639 557 quod
692 490 883 533 nemo
940 478 1174 535 eorum
1218 470 1561 547 rediisset,
1647 446 1759 557 aui
1817 496 2014 559 super
2068 474 2182 535 tali
2241 492 2468 535 caussa
2509 492 2622 534 eo-

462 578 613 638 dem
664 578 847 639 missi
904 592 1120 651 erant,
1216 579 1476 641 vsncula
1549 560 1862 662 epistolae
1919 580 2152 643 laxavit
2184 613 2202 644 s

442 676 750 743 ‘detracto
808 674 1164 767 cognovit,
1280 685 1335 746 si
1423 686 1801 768 pertulisset
1832 728 1849 759 ,

383 812 418 851 2
462 786 633 877 dum.
716 790 918 875 Erant
972 791 1041 849 in
1083 790 1305 851 eadem
1348 790 1656 873 epistola,
1745 810 1905 873 quae
1947 790 2029 851 ad
2069 810 2143 851 ea
2182 788 2620 873 pertinebant,

459 914 622 977 quae
678 894 852 955 inter
892 916 1115 977 regem
1169 895 1677 979 Pausaniamque
1733 908 2189 969 conveneram.
2315 896 2456 953 Has
2513 893 2623 953 ille

376 993 415 1057 3
458 999 706 1060 litteras
766 999 1030 1083 ephoris
1086 998 1373 1071 tradidit,
1459 1006 1604 1063 Non
1661 1014 1762 1061 est
1815 998 2284 1084 praetereunda
2341 1000 2624 1081 gravitas
2718 1038 2719 1057 2

457 1094 1120 1167 Lacedaemoniorum
1172 1104 1301 1165 hoc
1355 1108 1522 1169 loco.
1609 1111 1768 1168 Nam
1822 1126 1916 1185 ne,
1957 1104 2148 1199 hujus
2207 1104 2471 1189 quidem
2525 1106 2624 1165 in·-
2718 1116 2719 1129 ¹

451 1346 811 1408 >¹tel-pretatus
852 1334 927 1389 est
946 1372 964 1399 ,
1018 1353 1196 1408 quum
1243 1336 1494 1415 antiqui·

402 1465 405 1467 ,
452 1415 545 1457 tus
565 1404 638 1457 de
655 1403 888 1459 honesto
911 1422 1110 1457 amore
1131 1404 1493 1477 capiebatur,

454 1482 517 1524 ut
539 1470 633 1525 hic
662 1482 819 1525 recte
836 1484 999 1525 notat
1014 1474 1140 1526 Lon
1182 1474 1352 1527 clius.
1383 1471 1494 1525 Adi

1561 1404 1668 1458 τώ·
1697 1402 1786 1457 ἐπι
1797 1404 1948 1459 sola·
1959 1422 2002 1457 5.
2039 1402 2390 1457 Cornelium
2429 1412 2619 1453 autem

1563 1474 1744 1525 multo
1766 1474 1946 1543 magis
1973 1470 2162 1525 videri
2178 1471 2339 1549 ppss'e
2351 1470 2466 1521 hoc
2483 1469 2618 1521 λύει

2305 578 2624 661 signoque
2681 631 2700 647 ,

1951 684 2078 746 sibi
2135 704 2282 745 esse
2339 704 2622 766 pereun-
2718 742 2719 745 ,

454 1540 579 1594 Cel.
612 1540 666 1593 J.
700 1540 1075 1593 Periz'onium
1106 1558 1137 1593 a
1188 1540 1497 1595 Aelianum

351 1625 391 1645 ⁰-
450 1604 558 1661 lib.
596 1608 648 1662 3.
690 1610 761 1661 V.
793 1610 865 1661 H.
896 1626 947 1661 c.
989 1626 1070 1661 ια.
1107 1610 1332 1665 num.5.
1362 1608 1495 1697 plu-

453 1674 617 1731 ribus
636 1673 707 1727 de
734 1675 997 1731 hocloco
1014 1689 1298 1749 agentem.
1345 1674 1492 1730 cod.

450 1744 515 1797 P.
549 1746 697 1796 Dan.
732 1740 933 1811 [Gu.]
986 1764 1195 1809 amore
1237 1745 1494 1799 veneria.

448 1811 605 1865 Voss'.
667 1812 733 1868 C.
814 1813 1054 1869 Venero.
1130 1811 1200 1865 de
1263 1812 1494 1885 Argilio

452 1877 570 1951 yid.
602 1889 769 1932 notas
796 1882 1169 1953 posteriores.

533 1968 793 2027 Vincula
834 1969 1128 2046 epistolae
1165 1968 1493 2037 laceravit]

449 2040 562 2094 Ms.
590 2058 750 2095 meus
790 2041 933 2114 legit
957 2060 1069 2114 pro
1104 2040 1377 2106 laxavit,
1401 2038 1491 2093 la-

450 2108 692 2163 ceravit.
712 2111 893 2187 Quam
910 2110 1263 2181 scripturam
1274 2108 1492 2181 Schop-

494 2175 535 2229 ii
566 2179 935 2241 membranae
967 2180 1314 2231 confirmant
1341 2177 1407 2229 L.
1435 2182 1488 2243 l..

447 2194 711 2299 gerilini.
744 2263 872 2319 cap.
900 2266 949 2301 ω.
1004 2245 1271 2301 Vinculis
1300 2254 1494 2297 autem

450 2313 751 2385 colligatas
813 2315 1189 2387 antiquorum
1236 2314 1490 2367 Graeco-

446 2398 577 2434 rum
604 2383 767 2436 fuiss'e
801 2382 1066 2456 epistolas
1088 2422 1105 2448 ,
1158 2381 1344 2438 Curtii
1378 2380 1491 2433 hoc

427 2451 770 2520 'testimonio
790 2463 948 2505 recte
963 2453 1179 2524 probat
1194 2446 1488 2504 Barthius.

450 2515 860 2582 Parmenion,
896 2519 977 2571 ait
1010 2519 1241 2574 Curtius
1268 2517 1400 2571 Lib.
1435 2535 1489 2584 7,

445 2602 497 2637 2.
538 2585 836 2641 vinculum
879 2585 1185 2658 Epistolae
1232 2583 1488 2649 salvem,

483 2653 736 2708 uiduam
772 2674 881 2710 rex
924 2663 1134 2729 ageret
1156 2691 1174 2722 ‚
1228 2655 1487 2725 require·
1517 2662 1529 2691 ¹

488 2729 571 2775 at.
614 2724 813 2777 Ernst.
880 2724 976 2778 Sic
995 2723 1488 2776 membranacBa·

443 2791 701 2856 varinae,
726 2791 1019 2845 referente
1052 2789 1355 2864 Schoppio
1387 2789 1485 2845 Ve-

443 2859 637 2914 risim.
678 2865 728 2928 4,
752 2878 803 2912 2.
845 2860 1101 2932 itemque
1133 2860 1254 2914 Mss'.
1278 2858 1482 2912 Boecl.

443 2937 504 2978 et<
534 2927 738 2980 Ernstii
760 2965 775 2991 ,
831 2929 1085 2993 rectius,
1122 2939 1186 2981 ut
1244 2927 1484 3000 opinor,

443 3011 617 3065 quam
649 2994 904 3059 laxavit,
946 3002 1009 3049 ut
1040 2995 1216 3070 vulgo
1245 2983 1482 3066 legitur.

454 3061 831 3136 Thucydides
851 3086 869 3118 .·
888 3065 1017 3116 λύει
1036 3063 1141 3119 τὰς
1178 3059 1482 3119 ἐπιςολάι.

441 3132 753 3190 Diodorus
772 3153 790 3184 .-
863 3131 1089 3199 ἀνέῳξε
1137 3133 1243 3186 τὰς
1294 3131 1484 3182 imao-

440 3202 575 3256 λα’ς.
642 3202 719 3255 At
756 3199 975 3260 lamere
1002 3200 1241 3261 uincula
1273 3196 1487 3252 nonest

255 3263 257 3270 ’
328 3259 371 3276 ”
441 3273 707 3334 solvere,
754 3280 853 3322 aut
902 3273 1170 3342 aperire,
1236 3264 1339 3322 sed
1372 3282 1484 3322 ,re-

436 3339 701 3403 mittere,
740 3349 838 3390 aut
866 3339 1093 3392 laxiora
1140 3339 1353 3391 facere.
1413 3335 1484 3386 Et

438 3408 538 3480 qui
575 3406 688 3478 legi
720 3406 917 3478 potuit
942 3408 1179 3479 epistola
1201 3443 1219 3470 ,
1274 3405 1321 3458 si
1359 3411 1482 3454 tan-

429 3473 735 3528 tummodo
752 3475 939 3528 laxata
953 3485 1083 3528 sunt
1100 3471 1482 3535 vincula,nou

322 3549 331 3566 ‘
432 3540 703 3596 disciss'a?
756 3542 899 3612 quid
928 3543 1213 3596 attinebat
1240 3541 1275 3593 fi
1318 3539 1480 3606 illum

434 3609 611 3663 limile
646 3610 780 3662 effin
824 3625 960 3672 ere,
1016 3608 1215 3684 (quod
1256 3611 1271 3632 '
1306 3607 1478 3675 bucy·

432 3677 611 3734 dides
642 3677 785 3750 Argi
812 3682 931 3731 ium
955 3679 1105 3732 hunc
1132 3679 1346 3741 feciss'e‚
1370 3675 1478 3740 ait)

434 3747 487 3801 si.
522 3747 777 3800 vincula*
797 3747 1023 3818 integra
1052 3741 1477 3820 permansere?

427 3816 671 3872 Rosius.
705 3814 869 3868 Leid.
903 3827 959 3868 et
986 3815 1141 3870 Voss'.
1177 3815 1248 3870 A.
1286 3816 1352 3869 C.
1383 3812 1477 3868 la-

432 3886 621 3949 xavit,
649 3887 719 3937 Β.
750 3881 1059 3945 laceravit,
1094 3882 1274 3938 sedin
1290 3897 1472 3952 marg.

430 3969 486 4004 a.
551 3971 627 4007 m.
681 3969 799 4006 sec.
864 3951 1117 4006 laaeavit.
1240 3953 1386 4006 Cum
1414 3953 1476 4005 in

1564 1538 1870 1595 reddidiss'e
1913 1540 2101 1595 verbo
2137 1538 2321 1590 latmo
2359 1534 2614 1599 laxauit,

1565 1626 1736 1681 quam
1769 1606 2080 1671 laceravit,
2117 1604 2251 1659 inde
2268 1605 2614 1677 potiffimum

1565 1687 1848 1749 apparet,
1901 1674 2064 1761 quod
2114 1683 2386 1727 auctores
2451 1673 2611 1725 latini

1565 1754 1918 1799 commutant
1931 1754 2087 1801 mter
2101 1760 2161 1795 se
2181 1742 2368 1803 verba
2392 1740 2615 1797 solvere

1565 1826 1622 1866 et
1657 1812 1909 1881 laxare,
1961 1829 2080 1866 non
2116 1811 2255 1863 item
2299 1808 2528 1866 solvere
2557 1819 2611 1861 et

1563 1880 1856 1937 lacerare.
1913 1882 2062 1935 Hinc
2099 1878 2207 1933 Vir
2249 1878 2312 1931 il.
2367 1879 2513 1931 Aen.
2561 1888 2609 1940 2,

1564 1954 1681 2017 259.
1721 1948 1899 2005 laxat
1919 1948 2188 2005 claustra
2255 1947 2428 2009 inon‚
2478 1946 2518 1998 i.
2559 1963 2606 1995 e.

1565 2018 1780 2081 solvit,
1819 2018 2028 2091 aperit.
2091 2015 2303 2069 Cicero
2340 2014 2405 2067 in
2439 2014 2607 2069 Cato-

1564 2106 1640 2142 ne
1670 2080 1824 2158 maj.
1879 2104 2010 2160 cap.
2037 2086 2092 2139 3.
2146 2084 2297 2137 hunc
2344 2080 2490 2135 facit
2531 2083 2606 2134 lo-

1563 2152 1833 2225 quentem
1856 2154 1983 2207 illa:
2025 2148 2368 2207 Multorum
2387 2168 2604 2224 cogno-

1563 2224 1620 2276 νί
1649 2229 2010 2278 senectutem
2043 2221 2175 2276 sine
2206 2216 2474 2291 querela,
2516 2218 2609 2289 qui

1562 2308 1624 2346 se
1655 2298 1709 2345 et
1742 2289 2068 2346 libidinum
2098 2286 2355 2343 vinculis
2391 2288 2606 2340 laxatos

1562 2356 1586 2420 (
1605 2359 1644 2414 i.
1681 2378 1732 2413 e.
1769 2360 2018 2426 solutos)
2051 2364 2177 2414 esse
2206 2374 2330 2410 non
2362 2352 2608 2411 moleste

1546 2425 1801 2498 ferrent.
1875 2426 2032 2504 Quin
2069 2425 2139 2478 de
2167 2424 2370 2478 eadem
2396 2441 2464 2476 re
2495 2423 2605 2475 duo

1563 2497 1660 2550 illa
1691 2496 1875 2550 verba
1905 2495 2238 2566 promiscue
2285 2509 2318 2544 a
2355 2492 2602 2564 scripto-

1557 2565 1724 2618 ribus
1759 2566 1952 2621 latinis
1983 2561 2249 2616 adhiberi
2269 2597 2286 2624 ,
2321 2561 2460 2613 loco
2489 2559 2603 2612 effi-

1561 2635 1714 2686 ciun-
1760 2633 1863 2686 illo
1909 2631 2137 2694 Curtii,
2201 2629 2277 2681 ab.
2321 2628 2458 2680 aliis
2501 2629 2604 2694 iam

1556 2699 1828 2763 laudate,
1861 2702 1926 2754 L.
1947 2717 2000 2768 7.
2042 2716 2160 2754 c.2.
2185 2696 2469 2752 Mos-che.
2503 2697 2600 2748 Ax.

1556 2767 1866 2837 laceravit.
1909 2765 2008 2822 sed
2045 2769 2155 2821 Gu.
2190 2765 2306 2820 [nt.
2350 2762 2601 2825 laxavit,

1557 2836 1716 2910 quod
1753 2837 1876 2910 post
1925 2833 2238 2888 H'arlefium
2270 2833 2600 2902 ,Bromium-

1557 2921 1670 2978 que
1703 2905 1964 2977 reposui.
2021 2907 2138 2958 Pro
2181 2900 2468 2956 rediisset
2497 2903 2600 2955 Gu.

1556 2969 1872 3040 redisset.]
2011 3039 2026 3052 ⁶
2248 3039 2262 3052 ·
2458 3019 2464 3024 .

1553 3033 2600 3177 ..5354;{{·.'m{2‚''155‡¹.1};⁸551‘.{530¹352

1557 3176 1660 3231 sed
1708 3187 1868 3230 recte
1919 3176 2294 3230 observatum
2339 3173 2600 3228 Bar-thio

1558 3243 1800 3301 Advers.
1845 3249 1942 3312 24,
1995 3245 2076 3300 18.
2148 3252 2205 3297 et
2257 3239 2597 3303 Gebhardo,

1556 3313 1840 3368 decedere
1893 3311 2116 3384 aliquid
2156 3310 2516 3374 sententiae,
2553 3309 2598 3362 si

1555 3381 1896 3435 eximantur.
1971 3385 2102 3438 Non
2131 3379 2290 3432 enim
2321 3377 2592 3450 simplici-

1551 3459 1645 3504 ter
1695 3451 1750 3504 ei
1838 3446 2156 3503 ereundum
2200 3456 2365 3510 erat,
2426 3444 2525 3499 sed
2551 3445 2596 3498 si

1551 3517 1625 3570 ad
1669 3517 1812 3571 Arta
1857 3535 2022 3570 amum
2067 3513 2366 3587 epistolam
2401 3525 2594 3586 pertu-

1547 3584 1713 3639 liss'et.
1755 3585 1994 3658 Supraa
2049 3583 2104 3646 8,
2135 3585 2188 3636 6.
2229 3583 2427 3636 sensit
2452 3581 2590 3636 The-

1547 3653 1636 3708 mi
1639 3651 1853 3708 stocles
1873 3686 1901 3719 ‚-
1927 3654 1981 3708 si
1997 3671 2064 3706 eo
2083 3653 2469 3724 pervenisset,
2486 3647 2596 3704 sibi

1548 3740 1676 3778 esse
1705 3719 2096 3794 pereundum.
2139 3721 2360 3772 Tamen
2379 3720 2589 3788 Thucy-

1548 3789 1712 3844 dides
1767 3789 1956 3844 solum
2005 3789 2115 3840 ait:
2181 3785 2372 3840 ἀυτὸν
2431 3789 2590 3860 εὑρεῖν
2659 3841 2664 3865 3

1545 3855 2024 3936 iyyeypamu‘pov
2048 3857 2310 3909 κτείνειν.
2349 3854 2585 3910 Rosius.

1615 3951 1812 4004 Erant
1825 3951 1891 4004 in
1912 3947 2124 4004 eadem
2143 3946 2590 4028 epistola,·quae

427 4022 589 4074 >omni
625 4022 739 4075 hoc
790 4021 926 4074 loco
974 4019 1283 4074 Gornehus
1318 4019 1469 4088 fl'hu-
1541 4017 1720 4074 aclea
1745 4015 1940 4092 perh]
1988 4019 2120 4071 Non
2165 4015 2382 4070 exstant
2429 4033 2490 4068 m
2522 4014 2584 4068 C.

426 4087 694 4156 tydidem
753 4088 829 4154 est
875 4097 1103 4143 secutus
1146 4097 1468 4151 auctorem,
1537 4086 1701 4140 Leid.

426 4163 548 4208 tum
567 4175 719 4211 nuuc
740 4158 795 4212 ei
820 4166 951 4212 ante
978 4155 1186 4234 oculos
1199 4153 1467 4208 obversa.

1212 4341 1231 4373 Ι

1541 4197 1548 4201 -
1609 4156 1770 4210 Nam
1787 4173 1862 4212 ne
1883 4149 2063 4229 hujus
2075 4147 2316 4226 quidem
2333 4143 2584 4215 indicio]

1561 1294 1738 1389 batur
1779 1332 2216 1405 Thucydideum
2259 1332 2447 1387 illud:
2489 1331 2622 1385 λύει
2718 1334 2719 1345 ³
