<?xml version="1.0" encoding="UTF-8"?>
<!DOCTYPE html PUBLIC "-//W3C//DTD XHTML 1.0 Transitional//EN"
    "http://www.w3.org/TR/xhtml1/DTD/xhtml1-transitional.dtd">
<html xmlns="http://www.w3.org/1999/xhtml" xml:lang="en" lang="en">
 <head>
  <title>
</title>
<meta http-equiv="Content-Type" content="text/html;charset=utf-8" />
  <meta name='ocr-system' content='tesseract 3.04.00' />
  <meta name='ocr-capabilities' content='ocr_page ocr_carea ocr_par ocr_line ocrx_word'/>
</head>
<body>
  <div class='ocr_page' id='page_1' title='image "./corneliinepotis02bosegoog_0100.png"; bbox 0 0 2763 4797; ppageno 0'>
   <div class='ocr_carea' id='block_1_1' title="bbox 749 270 2271 357">
    <p class='ocr_par' dir='ltr' id='par_1_1' title="bbox 749 270 2271 357">
     <span class='ocr_line' id='line_1_1' title="bbox 749 270 2271 357; baseline 0.003 -24"><span class='ocrx_word' id='word_1_1' title='bbox 749 270 1620 357; x_wconf 60' lang='lat' dir='ltr'><strong>TESTIMONIA.</strong></span> <span class='ocrx_word' id='word_1_2' title='bbox 2144 294 2271 339; x_wconf 78' lang='lat' dir='ltr'><strong>xcv</strong></span> 
     </span>
    </p>
   </div>
   <div class='ocr_carea' id='block_1_2' title="bbox 109 488 2344 1110">
    <p class='ocr_par' dir='ltr' id='par_1_2' title="bbox 109 488 2344 1110">
     <span class='ocr_line' id='line_1_2' title="bbox 112 488 2269 573; baseline 0.001 -24"><span class='ocrx_word' id='word_1_3' title='bbox 112 489 308 550; x_wconf 85' lang='lat' dir='ltr'><strong>milius</strong></span> <span class='ocrx_word' id='word_1_4' title='bbox 353 490 622 553; x_wconf 85' lang='lat' dir='ltr'><strong>Probus</strong></span> <span class='ocrx_word' id='word_1_5' title='bbox 643 532 662 563; x_wconf 89' lang='lat'>‚</span> <span class='ocrx_word' id='word_1_6' title='bbox 714 490 1024 573; x_wconf 80' lang='lat' dir='ltr'><strong>pleraque</strong></span> <span class='ocrx_word' id='word_1_7' title='bbox 1055 488 1268 550; x_wconf 89' lang='lat' dir='ltr'><strong>omnia</strong></span> <span class='ocrx_word' id='word_1_8' title='bbox 1299 488 1439 569; x_wconf 86' lang='lat' dir='ltr'><strong>ejus</strong></span> <span class='ocrx_word' id='word_1_9' title='bbox 1479 488 1769 550; x_wconf 84' lang='lat' dir='ltr'><strong>facinora</strong></span> <span class='ocrx_word' id='word_1_10' title='bbox 1800 490 2269 572; x_wconf 73' lang='lat' dir='ltr'><strong>ignoraremus.</strong></span> 
     </span>
     <span class='ocr_line' id='line_1_3' title="bbox 109 594 2269 680; baseline 0.002 -23"><span class='ocrx_word' id='word_1_11' title='bbox 109 597 283 657; x_wconf 88' lang='lat' dir='ltr'><strong>Initio</strong></span> <span class='ocrx_word' id='word_1_12' title='bbox 318 595 465 677; x_wconf 86' lang='lat' dir='ltr'><strong>ejus</strong></span> <span class='ocrx_word' id='word_1_13' title='bbox 497 598 674 659; x_wconf 79' lang='lat' dir='ltr'><strong>vitae</strong></span> <span class='ocrx_word' id='word_1_14' title='bbox 713 595 882 680; x_wconf 85' lang='lat' dir='ltr'><strong>apud</strong></span> <span class='ocrx_word' id='word_1_15' title='bbox 910 595 1202 658; x_wconf 84' lang='lat' dir='ltr'><strong>Probum</strong></span> <span class='ocrx_word' id='word_1_16' title='bbox 1243 594 1520 678; x_wconf 79' lang='lat' dir='ltr'><strong>legitur:</strong></span> <span class='ocrx_word' id='word_1_17' title='bbox 1566 596 1797 677; x_wconf 44' lang='lat' dir='ltr'><strong>Dexquo</strong></span> <span class='ocrx_word' id='word_1_18' title='bbox 1832 596 1929 657; x_wconf 83' lang='lat' dir='ltr'><strong>hoc</strong></span> <span class='ocrx_word' id='word_1_19' title='bbox 1955 597 2117 677; x_wconf 79' lang='lat' dir='ltr'><strong>plura</strong></span> <span class='ocrx_word' id='word_1_20' title='bbox 2144 612 2269 661; x_wconf 86' lang='lat' dir='ltr'><strong>cet.</strong></span> 
     </span>
     <span class='ocr_line' id='line_1_4' title="bbox 109 680 2271 769; baseline 0.001 -6"><span class='ocrx_word' id='word_1_21' title='bbox 109 704 402 763; x_wconf 84' lang='lat' dir='ltr'><strong>Ceterum</strong></span> <span class='ocrx_word' id='word_1_22' title='bbox 436 716 503 763; x_wconf 91' lang='lat' dir='ltr'><strong>et</strong></span> <span class='ocrx_word' id='word_1_23' title='bbox 535 704 606 765; x_wconf 86' lang='lat' dir='ltr'><strong>in</strong></span> <span class='ocrx_word' id='word_1_24' title='bbox 636 702 762 769; x_wconf 81' lang='lat' dir='ltr'><strong>hac</strong></span> <span class='ocrx_word' id='word_1_25' title='bbox 791 715 857 765; x_wconf 90' lang='lat' dir='ltr'><strong>et</strong></span> <span class='ocrx_word' id='word_1_26' title='bbox 883 701 954 765; x_wconf 86' lang='lat' dir='ltr'><strong>in</strong></span> <span class='ocrx_word' id='word_1_27' title='bbox 983 702 1127 764; x_wconf 86' lang='lat' dir='ltr'><strong>aliis</strong></span> <span class='ocrx_word' id='word_1_28' title='bbox 1157 701 1457 765; x_wconf 88' lang='lat' dir='ltr'><strong>omnibus</strong></span> <span class='ocrx_word' id='word_1_29' title='bbox 1496 699 1652 763; x_wconf 75' lang='lat' dir='ltr'><strong>vitis</strong></span> <span class='ocrx_word' id='word_1_30' title='bbox 1681 699 1810 763; x_wconf 89' lang='lat' dir='ltr'><strong>duo</strong></span> <span class='ocrx_word' id='word_1_31' title='bbox 1844 680 2091 767; x_wconf 73' lang='lat' dir='ltr'><strong>diversi</strong></span> <span class='ocrx_word' id='word_1_32' title='bbox 2116 704 2271 765; x_wconf 83' lang='lat' dir='ltr'><strong>scri-</strong></span> 
     </span>
     <span class='ocr_line' id='line_1_5' title="bbox 111 796 2344 913; baseline 0.001 -43"><span class='ocrx_word' id='word_1_33' title='bbox 111 824 324 894; x_wconf 85' lang='lat' dir='ltr'><strong>ptores</strong></span> <span class='ocrx_word' id='word_1_34' title='bbox 357 811 635 873; x_wconf 80' lang='lat' dir='ltr'><strong>maxime</strong></span> <span class='ocrx_word' id='word_1_35' title='bbox 675 823 1026 892; x_wconf 80' lang='lat' dir='ltr'><strong>apparent,</strong></span> <span class='ocrx_word' id='word_1_36' title='bbox 1065 796 1288 894; x_wconf 84' lang='lat' dir='ltr'><strong>quod</strong></span> <span class='ocrx_word' id='word_1_37' title='bbox 1269 828 1402 869; x_wconf 89' lang='grc' dir='ltr'><strong>ιιοιι</strong></span> <span class='ocrx_word' id='word_1_38' title='bbox 1433 807 1680 913; x_wconf 85' lang='lat' dir='ltr'><strong>poterit</strong></span> <span class='ocrx_word' id='word_1_39' title='bbox 1712 822 1842 869; x_wconf 73' lang='lat' dir='ltr'><strong>n‘on</strong></span> <span class='ocrx_word' id='word_1_40' title='bbox 1864 809 2127 883; x_wconf 78' lang='lat' dir='ltr'><strong>videre,</strong></span> <span class='ocrx_word' id='word_1_41' title='bbox 2160 813 2275 895; x_wconf 88' lang='lat' dir='ltr'><strong>qui</strong></span> <span class='ocrx_word' id='word_1_42' title='bbox 2331 799 2344 818; x_wconf 63' lang='lat'>⁸</span> 
     </span>
     <span class='ocr_line' id='line_1_6' title="bbox 111 900 2268 1001; baseline 0.002 -25"><span class='ocrx_word' id='word_1_43' title='bbox 111 914 354 999; x_wconf 73' lang='lat' dir='ltr'><strong>phrasin</strong></span> <span class='ocrx_word' id='word_1_44' title='bbox 377 916 678 980; x_wconf 84' lang='lat' dir='ltr'><strong>exactius</strong></span> <span class='ocrx_word' id='word_1_45' title='bbox 708 912 1435 999; x_wconf 63' lang='lat' dir='ltr'><strong>confiderabit.1taque</strong></span> <span class='ocrx_word' id='word_1_46' title='bbox 1466 934 1587 975; x_wconf 84' lang='lat' dir='ltr'><strong>nos</strong></span> <span class='ocrx_word' id='word_1_47' title='bbox 1618 900 1967 999; x_wconf 83' lang='lat' dir='ltr'><strong>Epitomen</strong></span> <span class='ocrx_word' id='word_1_48' title='bbox 1996 916 2268 1001; x_wconf 82' lang='lat' dir='ltr'><strong>Nepotis</strong></span> 
     </span>
     <span class='ocr_line' id='line_1_7' title="bbox 113 1023 758 1110; baseline -0.003 -24"><span class='ocrx_word' id='word_1_49' title='bbox 113 1025 272 1088; x_wconf 70' lang='lat' dir='ltr'><strong>clare</strong></span> <span class='ocrx_word' id='word_1_50' title='bbox 323 1023 758 1110; x_wconf 77' lang='lat' dir='ltr'><strong>agnoscimus.</strong></span> 
     </span>
    </p>
   </div>
   <div class='ocr_carea' id='block_1_3' title="bbox 691 1106 1755 1283">
    <p class='ocr_par' dir='ltr' id='par_1_3' title="bbox 691 1106 1755 1283">
     <span class='ocr_line' id='line_1_8' title="bbox 691 1106 1755 1283; baseline 0.001 -36"><span class='ocrx_word' id='word_1_51' title='bbox 691 1176 978 1247; x_wconf 76' lang='grc' dir='ltr'><strong>ιΒΕΜ</strong></span> <span class='ocrx_word' id='word_1_52' title='bbox 1053 1106 1755 1283; x_wconf 25' lang='lat' dir='ltr'><strong>‘BARTnms</strong></span> 
     </span>
    </p>
   </div>
   <div class='ocr_carea' id='block_1_4' title="bbox 329 1294 2025 1377">
    <p class='ocr_par' dir='ltr' id='par_1_4' title="bbox 329 1294 2025 1377">
     <span class='ocr_line' id='line_1_9' title="bbox 329 1294 2025 1377; baseline -0.001 -18"><span class='ocrx_word' id='word_1_53' title='bbox 329 1302 391 1359; x_wconf 80' lang='lat' dir='ltr'><strong>in</strong></span> <span class='ocrx_word' id='word_1_54' title='bbox 420 1301 797 1363; x_wconf 81' lang='lat' dir='ltr'><strong>commentario</strong></span> <span class='ocrx_word' id='word_1_55' title='bbox 837 1297 910 1356; x_wconf 85' lang='lat' dir='ltr'><strong>ad</strong></span> <span class='ocrx_word' id='word_1_56' title='bbox 941 1296 1110 1355; x_wconf 70' lang='lat' dir='ltr'><strong>Statii·</strong></span> <span class='ocrx_word' id='word_1_57' title='bbox 1138 1294 1237 1357; x_wconf 86' lang='lat' dir='ltr'><strong>lib.</strong></span> <span class='ocrx_word' id='word_1_58' title='bbox 1270 1318 1346 1356; x_wconf 84' lang='lat'><strong>11.</strong></span> <span class='ocrx_word' id='word_1_59' title='bbox 1406 1294 1669 1356; x_wconf 80' lang='lat' dir='ltr'><strong>Thebaid.</strong></span> <span class='ocrx_word' id='word_1_60' title='bbox 1704 1317 1851 1357; x_wconf 76' lang='lat' dir='ltr'><strong>vers.</strong></span> <span class='ocrx_word' id='word_1_61' title='bbox 1890 1317 1913 1357; x_wconf 87' lang='grc' dir='ltr'><strong>ι</strong></span> <span class='ocrx_word' id='word_1_62' title='bbox 1932 1314 2025 1377; x_wconf 76' lang='lat' dir='ltr'><strong>iq.</strong></span> 
     </span>
    </p>
   </div>
   <div class='ocr_carea' id='block_1_5' title="bbox 60 1404 2342 3219">
    <p class='ocr_par' dir='ltr' id='par_1_5' title="bbox 60 1404 2342 3219">
     <span class='ocr_line' id='line_1_10' title="bbox 263 1404 2271 1511; baseline -0.001 -19"><span class='ocrx_word' id='word_1_63' title='bbox 263 1430 450 1492; x_wconf 71' lang='lat' dir='ltr'><strong>Aem.</strong></span> <span class='ocrx_word' id='word_1_64' title='bbox 475 1430 733 1491; x_wconf 87' lang='lat' dir='ltr'><strong>Probus</strong></span> <span class='ocrx_word' id='word_1_65' title='bbox 765 1428 834 1489; x_wconf 89' lang='lat' dir='ltr'><strong>in</strong></span> <span class='ocrx_word' id='word_1_66' title='bbox 852 1427 1126 1511; x_wconf 80' lang='lat' dir='ltr'><strong>Nepotis</strong></span> <span class='ocrx_word' id='word_1_67' title='bbox 1163 1410 1624 1496; x_wconf 75' lang='lat' dir='ltr'><strong>Themistocle:</strong></span> <span class='ocrx_word' id='word_1_68' title='bbox 1701 1404 1952 1511; x_wconf 67' lang='lat' dir='ltr'><strong>Europae</strong></span> <span class='ocrx_word' id='word_1_69' title='bbox 1983 1428 2271 1511; x_wconf 68' lang='lat' dir='ltr'><strong>succubuit</strong></span> 
     </span>
     <span class='ocr_line' id='line_1_11' title="bbox 117 1532 2266 1625; baseline -0 -26"><span class='ocrx_word' id='word_1_70' title='bbox 117 1532 249 1618; x_wconf 69' lang='lat' dir='ltr'><strong>Asia.</strong></span> <span class='ocrx_word' id='word_1_71' title='bbox 326 1535 755 1619; x_wconf 83' lang='lat' dir='ltr'><strong>Propertius:</strong></span> <span class='ocrx_word' id='word_1_72' title='bbox 797 1534 890 1595; x_wconf 82' lang='lat' dir='ltr'><strong>Ad</strong></span> <span class='ocrx_word' id='word_1_73' title='bbox 906 1532 1060 1616; x_wconf 63' lang='lat' dir='ltr'><strong>cpjus</strong></span> <span class='ocrx_word' id='word_1_74' title='bbox 1077 1535 1261 1612; x_wconf 74' lang='lat' dir='ltr'><strong>jacuit</strong></span> <span class='ocrx_word' id='word_1_75' title='bbox 1301 1534 1533 1597; x_wconf 83' lang='lat' dir='ltr'><strong>Graecia</strong></span> <span class='ocrx_word' id='word_1_76' title='bbox 1570 1536 1879 1625; x_wconf 56' lang='lat' dir='ltr'><strong>totafhrqs.</strong></span> <span class='ocrx_word' id='word_1_77' title='bbox 1966 1538 2069 1598; x_wconf 90' lang='lat' dir='ltr'><strong>De</strong></span> <span class='ocrx_word' id='word_1_78' title='bbox 2099 1538 2266 1598; x_wconf 88' lang='lat' dir='ltr'><strong>Pro·</strong></span> 
     </span>
     <span class='ocr_line' id='line_1_12' title="bbox 60 1639 2267 1731; baseline 0 -26"><span class='ocrx_word' id='word_1_79' title='bbox 60 1720 66 1731; x_wconf 88' lang='lat'><strong>.</strong></span> <span class='ocrx_word' id='word_1_80' title='bbox 118 1644 196 1705; x_wconf 87' lang='lat' dir='ltr'><strong>bo</strong></span> <span class='ocrx_word' id='word_1_81' title='bbox 227 1641 397 1728; x_wconf 87' lang='lat' dir='ltr'><strong>quod</strong></span> <span class='ocrx_word' id='word_1_82' title='bbox 431 1642 604 1715; x_wconf 83' lang='lat' dir='ltr'><strong>dixi,</strong></span> <span class='ocrx_word' id='word_1_83' title='bbox 652 1662 798 1703; x_wconf 88' lang='lat' dir='ltr'><strong>eum</strong></span> <span class='ocrx_word' id='word_1_84' title='bbox 830 1642 918 1701; x_wconf 88' lang='lat' dir='ltr'><strong>ita</strong></span> <span class='ocrx_word' id='word_1_85' title='bbox 947 1639 1236 1731; x_wconf 85' lang='lat' dir='ltr'><strong>scribere</strong></span> <span class='ocrx_word' id='word_1_86' title='bbox 1274 1643 1342 1703; x_wconf 89' lang='lat' dir='ltr'><strong>in</strong></span> <span class='ocrx_word' id='word_1_87' title='bbox 1372 1642 1647 1726; x_wconf 75' lang='lat' dir='ltr'><strong>Nepotis</strong></span> <span class='ocrx_word' id='word_1_88' title='bbox 1670 1640 1841 1705; x_wconf 87' lang='lat' dir='ltr'><strong>libro</strong></span> <span class='ocrx_word' id='word_1_89' title='bbox 1866 1686 1885 1717; x_wconf 89' lang='lat'>‚</span> <span class='ocrx_word' id='word_1_90' title='bbox 1951 1664 2107 1707; x_wconf 76' lang='lat' dir='ltr'><strong>vera</strong></span> <span class='ocrx_word' id='word_1_91' title='bbox 2128 1665 2267 1707; x_wconf 87' lang='lat' dir='ltr'><strong>om-</strong></span> 
     </span>
     <span class='ocr_line' id='line_1_13' title="bbox 119 1746 2265 1847; baseline 0.002 -38"><span class='ocrx_word' id='word_1_92' title='bbox 119 1750 261 1810; x_wconf 87' lang='lat' dir='ltr'><strong>nino</strong></span> <span class='ocrx_word' id='word_1_93' title='bbox 289 1760 398 1811; x_wconf 83' lang='lat' dir='ltr'><strong>res</strong></span> <span class='ocrx_word' id='word_1_94' title='bbox 446 1746 554 1810; x_wconf 83' lang='lat' dir='ltr'><strong>est.</strong></span> <span class='ocrx_word' id='word_1_95' title='bbox 637 1748 846 1810; x_wconf 83' lang='lat' dir='ltr'><strong>Miror</strong></span> <span class='ocrx_word' id='word_1_96' title='bbox 875 1748 1084 1819; x_wconf 58' lang='lat' dir='ltr'><strong>eninr,</strong></span> <span class='ocrx_word' id='word_1_97' title='bbox 1156 1760 1252 1847; x_wconf 39' lang='lat' dir='ltr'><strong>got</strong></span> <span class='ocrx_word' id='word_1_98' title='bbox 1289 1746 1521 1811; x_wconf 88' lang='lat' dir='ltr'><strong>doctos</strong></span> <span class='ocrx_word' id='word_1_99' title='bbox 1554 1762 1651 1813; x_wconf 86' lang='lat' dir='ltr'><strong>tot</strong></span> <span class='ocrx_word' id='word_1_100' title='bbox 1680 1750 1980 1833; x_wconf 89' lang='lat' dir='ltr'><strong>repetitis</strong></span> <span class='ocrx_word' id='word_1_101' title='bbox 2010 1748 2265 1813; x_wconf 71' lang='lat' dir='ltr'><strong>revisis-</strong></span> 
     </span>
     <span class='ocr_line' id='line_1_14' title="bbox 124 1851 2267 1938; baseline 0.003 -23"><span class='ocrx_word' id='word_1_102' title='bbox 124 1875 238 1938; x_wconf 88' lang='lat' dir='ltr'><strong>que</strong></span> <span class='ocrx_word' id='word_1_103' title='bbox 267 1854 662 1918; x_wconf 79' lang='lat' dir='ltr'><strong>editionibus</strong></span> <span class='ocrx_word' id='word_1_104' title='bbox 695 1874 826 1916; x_wconf 89' lang='lat' dir='ltr'><strong>non</strong></span> <span class='ocrx_word' id='word_1_105' title='bbox 863 1851 1273 1926; x_wconf 79' lang='lat' dir='ltr'><strong>advertiss&#39;e,</strong></span> <span class='ocrx_word' id='word_1_106' title='bbox 1292 1869 1473 1917; x_wconf 89' lang='lat' dir='ltr'><strong>certe</strong></span> <span class='ocrx_word' id='word_1_107' title='bbox 1509 1876 1642 1917; x_wconf 91' lang='lat' dir='ltr'><strong>non</strong></span> <span class='ocrx_word' id='word_1_108' title='bbox 1672 1856 2022 1931; x_wconf 78' lang='lat' dir='ltr'><strong>monuiss&#39;e,</strong></span> <span class='ocrx_word' id='word_1_109' title='bbox 2070 1858 2267 1921; x_wconf 83' lang='lat' dir='ltr'><strong>multa</strong></span> 
     </span>
     <span class='ocr_line' id='line_1_15' title="bbox 122 1960 2266 2058; baseline 0.001 -37"><span class='ocrx_word' id='word_1_110' title='bbox 122 1961 184 2021; x_wconf 89' lang='lat' dir='ltr'><strong>in</strong></span> <span class='ocrx_word' id='word_1_111' title='bbox 221 1962 299 2029; x_wconf 82' lang='lat' dir='ltr'><strong>iis</strong></span> <span class='ocrx_word' id='word_1_112' title='bbox 344 1962 499 2026; x_wconf 83' lang='lat' dir='ltr'><strong>vitis</strong></span> <span class='ocrx_word' id='word_1_113' title='bbox 536 1961 676 2024; x_wconf 80' lang='lat' dir='ltr'><strong>e-ss&#39;e</strong></span> <span class='ocrx_word' id='word_1_114' title='bbox 725 1980 952 2044; x_wconf 85' lang='lat' dir='ltr'><strong>parum</strong></span> <span class='ocrx_word' id='word_1_115' title='bbox 1006 1960 1280 2044; x_wconf 78' lang='lat' dir='ltr'><strong>Nepotis</strong></span> <span class='ocrx_word' id='word_1_116' title='bbox 1331 1981 1558 2023; x_wconf 78' lang='lat' dir='ltr'><strong>aevum</strong></span> <span class='ocrx_word' id='word_1_117' title='bbox 1597 1961 1899 2025; x_wconf 84' lang='lat' dir='ltr'><strong>ferentia.</strong></span> <span class='ocrx_word' id='word_1_118' title='bbox 1985 1960 2177 2058; x_wconf 79' lang='lat' dir='ltr'><strong>Quod</strong></span> <span class='ocrx_word' id='word_1_119' title='bbox 2208 1963 2266 2024; x_wconf 83' lang='lat' dir='ltr'><strong>si</strong></span> 
     </span>
     <span class='ocr_line' id='line_1_16' title="bbox 123 2054 2267 2155; baseline 0.001 -26"><span class='ocrx_word' id='word_1_120' title='bbox 123 2068 292 2130; x_wconf 80' lang='lat' dir='ltr'><strong>unius</strong></span> <span class='ocrx_word' id='word_1_121' title='bbox 327 2068 592 2152; x_wconf 84' lang='lat' dir='ltr'><strong>genium</strong></span> <span class='ocrx_word' id='word_1_122' title='bbox 635 2088 780 2129; x_wconf 90' lang='lat' dir='ltr'><strong>cum</strong></span> <span class='ocrx_word' id='word_1_123' title='bbox 829 2066 1031 2131; x_wconf 82' lang='lat' dir='ltr'><strong>Attici</strong></span> <span class='ocrx_word' id='word_1_124' title='bbox 1081 2068 1205 2129; x_wconf 83' lang='lat' dir='ltr'><strong>vita</strong></span> <span class='ocrx_word' id='word_1_125' title='bbox 1233 2054 1627 2143; x_wconf 79' lang='lat' dir='ltr'><strong>committaS,</strong></span> <span class='ocrx_word' id='word_1_126' title='bbox 1702 2067 1994 2132; x_wconf 78' lang='lat' dir='ltr'><strong>offendas</strong></span> <span class='ocrx_word' id='word_1_127' title='bbox 2042 2072 2267 2155; x_wconf 79' lang='lat' dir='ltr'><strong>utique</strong></span> 
     </span>
     <span class='ocr_line' id='line_1_17' title="bbox 122 2173 2267 2265; baseline 0.001 -31"><span class='ocrx_word' id='word_1_128' title='bbox 122 2175 329 2236; x_wconf 88' lang='lat' dir='ltr'><strong>multas</strong></span> <span class='ocrx_word' id='word_1_129' title='bbox 363 2174 682 2246; x_wconf 72' lang='lat' dir='ltr'><strong>salebtas,</strong></span> <span class='ocrx_word' id='word_1_130' title='bbox 751 2188 816 2241; x_wconf 84' lang='lat' dir='ltr'><strong>et</strong></span> <span class='ocrx_word' id='word_1_131' title='bbox 850 2173 1111 2235; x_wconf 89' lang='lat' dir='ltr'><strong>minime</strong></span> <span class='ocrx_word' id='word_1_132' title='bbox 1156 2192 1511 2255; x_wconf 87' lang='lat' dir='ltr'><strong>perennem</strong></span> <span class='ocrx_word' id='word_1_133' title='bbox 1554 2174 1735 2265; x_wconf 81' lang='lat' dir='ltr'><strong>illum</strong></span> <span class='ocrx_word' id='word_1_134' title='bbox 1776 2174 2085 2238; x_wconf 86' lang='lat' dir='ltr'><strong>dictionis</strong></span> <span class='ocrx_word' id='word_1_135' title='bbox 2118 2196 2267 2239; x_wconf 87' lang='lat' dir='ltr'><strong>can-</strong></span> 
     </span>
     <span class='ocr_line' id='line_1_18' title="bbox 122 2274 2269 2364; baseline 0.001 -23"><span class='ocrx_word' id='word_1_136' title='bbox 122 2280 330 2343; x_wconf 80' lang='lat' dir='ltr'><strong>dorem</strong></span> <span class='ocrx_word' id='word_1_137' title='bbox 362 2296 429 2343; x_wconf 90' lang='lat' dir='ltr'><strong>et</strong></span> <span class='ocrx_word' id='word_1_138' title='bbox 464 2280 745 2343; x_wconf 83' lang='lat' dir='ltr'><strong>illaesam</strong></span> <span class='ocrx_word' id='word_1_139' title='bbox 780 2274 1153 2343; x_wconf 82' lang='lat' dir='ltr'><strong>suavitatem</strong></span> <span class='ocrx_word' id='word_1_140' title='bbox 1195 2279 1264 2341; x_wconf 84' lang='lat' dir='ltr'><strong>in</strong></span> <span class='ocrx_word' id='word_1_141' title='bbox 1304 2277 1493 2340; x_wconf 87' lang='lat' dir='ltr'><strong>docta</strong></span> <span class='ocrx_word' id='word_1_142' title='bbox 1522 2293 1712 2363; x_wconf 88' lang='lat' dir='ltr'><strong>atque</strong></span> <span class='ocrx_word' id='word_1_143' title='bbox 1756 2280 2077 2364; x_wconf 78' lang='lat' dir='ltr'><strong>prudente</strong></span> <span class='ocrx_word' id='word_1_144' title='bbox 2114 2282 2269 2344; x_wconf 84' lang='lat' dir='ltr'><strong>sim-</strong></span> 
     </span>
     <span class='ocr_line' id='line_1_19' title="bbox 119 2352 2267 2472; baseline 0.001 -24"><span class='ocrx_word' id='word_1_145' title='bbox 119 2388 408 2470; x_wconf 83' lang='lat' dir='ltr'><strong>plicitate.</strong></span> <span class='ocrx_word' id='word_1_146' title='bbox 455 2393 592 2452; x_wconf 90' lang='lat' dir='ltr'><strong>Nec</strong></span> <span class='ocrx_word' id='word_1_147' title='bbox 611 2408 768 2452; x_wconf 78' lang='lat' dir='ltr'><strong>vero</strong></span> <span class='ocrx_word' id='word_1_148' title='bbox 802 2388 1193 2472; x_wconf 83' lang='lat' dir='ltr'><strong>epigramma</strong></span> <span class='ocrx_word' id='word_1_149' title='bbox 1213 2352 1432 2446; x_wconf 87' lang='lat' dir='ltr'><strong>Probi</strong></span> <span class='ocrx_word' id='word_1_150' title='bbox 1439 2384 1715 2469; x_wconf 84' lang='lat' dir='ltr'><strong>patitur,</strong></span> <span class='ocrx_word' id='word_1_151' title='bbox 1740 2401 1811 2450; x_wconf 85' lang='lat' dir='ltr'><strong>ut</strong></span> <span class='ocrx_word' id='word_1_152' title='bbox 1828 2408 1974 2448; x_wconf 88' lang='lat' dir='ltr'><strong>eum</strong></span> <span class='ocrx_word' id='word_1_153' title='bbox 1994 2408 2139 2450; x_wconf 85' lang='lat' dir='ltr'><strong>cum</strong></span> <span class='ocrx_word' id='word_1_154' title='bbox 2166 2386 2267 2450; x_wconf 84' lang='lat' dir='ltr'><strong>so-</strong></span> 
     </span>
     <span class='ocr_line' id='line_1_20' title="bbox 119 2490 2269 2590; baseline 0.001 -34"><span class='ocrx_word' id='word_1_155' title='bbox 119 2495 226 2556; x_wconf 84' lang='lat' dir='ltr'><strong>ciis</strong></span> <span class='ocrx_word' id='word_1_156' title='bbox 251 2493 380 2557; x_wconf 81' lang='lat' dir='ltr'><strong>suis</strong></span> <span class='ocrx_word' id='word_1_157' title='bbox 413 2495 618 2556; x_wconf 81' lang='lat' dir='ltr'><strong>folum</strong></span> <span class='ocrx_word' id='word_1_158' title='bbox 653 2494 1122 2578; x_wconf 80' lang='lat' dir='ltr'><strong>exscriptorem</strong></span> <span class='ocrx_word' id='word_1_159' title='bbox 1153 2491 1478 2555; x_wconf 88' lang='lat' dir='ltr'><strong>arbitrari</strong></span> <span class='ocrx_word' id='word_1_160' title='bbox 1469 2492 1815 2577; x_wconf 83' lang='lat' dir='ltr'><strong>poffimus.</strong></span> <span class='ocrx_word' id='word_1_161' title='bbox 1902 2490 2077 2590; x_wconf 79' lang='lat' dir='ltr'><strong>Quid</strong></span> <span class='ocrx_word' id='word_1_162' title='bbox 2096 2495 2269 2559; x_wconf 87' lang='lat' dir='ltr'><strong>enim</strong></span> 
     </span>
     <span class='ocr_line' id='line_1_21' title="bbox 117 2598 2319 2684; baseline 0.002 -24"><span class='ocrx_word' id='word_1_163' title='bbox 117 2598 337 2663; x_wconf 82' lang='lat' dir='ltr'><strong>frontis</strong></span> <span class='ocrx_word' id='word_1_164' title='bbox 389 2601 596 2663; x_wconf 87' lang='lat' dir='ltr'><strong>fuerit</strong></span> <span class='ocrx_word' id='word_1_165' title='bbox 646 2599 896 2662; x_wconf 85' lang='lat' dir='ltr'><strong>homini</strong></span> <span class='ocrx_word' id='word_1_166' title='bbox 955 2599 1292 2684; x_wconf 84' lang='lat' dir='ltr'><strong>philologo</strong></span> <span class='ocrx_word' id='word_1_167' title='bbox 1311 2643 1328 2675; x_wconf 94' lang='lat'>‚</span> <span class='ocrx_word' id='word_1_168' title='bbox 1408 2614 1473 2662; x_wconf 89' lang='lat' dir='ltr'><strong>et</strong></span> <span class='ocrx_word' id='word_1_169' title='bbox 1523 2599 1873 2664; x_wconf 73' lang='lat' dir='ltr'><strong>adfectanti</strong></span> <span class='ocrx_word' id='word_1_170' title='bbox 1923 2602 2268 2666; x_wconf 75' lang='lat' dir='ltr'><strong>celebrita·</strong></span> <span class='ocrx_word' id='word_1_171' title='bbox 2304 2619 2319 2639; x_wconf 67' lang='grc'><em>“</em></span> 
     </span>
     <span class='ocr_line' id='line_1_22' title="bbox 117 2694 2342 2792; baseline 0.002 -25"><span class='ocrx_word' id='word_1_172' title='bbox 117 2719 235 2768; x_wconf 90' lang='lat' dir='ltr'><strong>tem</strong></span> <span class='ocrx_word' id='word_1_173' title='bbox 255 2707 578 2780; x_wconf 81' lang='lat' dir='ltr'><strong>nominis,</strong></span> <span class='ocrx_word' id='word_1_174' title='bbox 647 2728 788 2769; x_wconf 82' lang='lat' dir='ltr'><strong>eam</strong></span> <span class='ocrx_word' id='word_1_175' title='bbox 825 2694 1302 2790; x_wconf 62' lang='lat' dir='ltr'><strong>opera&#39;scribae</strong></span> <span class='ocrx_word' id='word_1_176' title='bbox 1337 2719 1446 2768; x_wconf 87' lang='lat' dir='ltr'><strong>aut</strong></span> <span class='ocrx_word' id='word_1_177' title='bbox 1481 2707 1889 2769; x_wconf 80' lang='lat' dir='ltr'><strong>amanuensis</strong></span> <span class='ocrx_word' id='word_1_178' title='bbox 1924 2709 2176 2792; x_wconf 64' lang='lat' dir='ltr'><strong>vylgari</strong></span> <span class='ocrx_word' id='word_1_179' title='bbox 2204 2723 2271 2774; x_wconf 85' lang='lat' dir='ltr'><strong>et</strong></span> <span class='ocrx_word' id='word_1_180' title='bbox 2330 2713 2342 2724; x_wconf 73' lang='lat'><em>⁶</em></span> 
     </span>
     <span class='ocr_line' id='line_1_23' title="bbox 119 2795 2267 2898; baseline 0.001 -24"><span class='ocrx_word' id='word_1_181' title='bbox 119 2815 372 2876; x_wconf 88' lang='lat' dir='ltr'><strong>emtibili</strong></span> <span class='ocrx_word' id='word_1_182' title='bbox 401 2795 762 2898; x_wconf 83' lang='lat' dir='ltr'><strong>quaerere,</strong></span> <span class='ocrx_word' id='word_1_183' title='bbox 809 2828 874 2887; x_wconf 61' lang='lat' dir='ltr'><strong>et</strong></span> <span class='ocrx_word' id='word_1_184' title='bbox 913 2812 1251 2898; x_wconf 76' lang='lat' dir='ltr'><strong>quaesitam</strong></span> <span class='ocrx_word' id='word_1_185' title='bbox 1286 2811 1457 2876; x_wconf 75' lang='lat' dir='ltr'><strong>velle</strong></span> <span class='ocrx_word' id='word_1_186' title='bbox 1488 2810 1761 2890; x_wconf 80' lang='lat' dir='ltr'><strong>iactare,</strong></span> <span class='ocrx_word' id='word_1_187' title='bbox 1837 2815 2029 2874; x_wconf 88' lang='lat' dir='ltr'><strong>etiam</strong></span> <span class='ocrx_word' id='word_1_188' title='bbox 2064 2813 2267 2876; x_wconf 84' lang='lat' dir='ltr'><strong>adsci-</strong></span> 
     </span>
     <span class='ocr_line' id='line_1_24' title="bbox 118 2917 2339 3015; baseline 0.003 -37"><span class='ocrx_word' id='word_1_189' title='bbox 118 2919 190 2980; x_wconf 85' lang='lat' dir='ltr'><strong>tis</strong></span> <span class='ocrx_word' id='word_1_190' title='bbox 217 2919 338 2981; x_wconf 87' lang='lat' dir='ltr'><strong>suis</strong></span> <span class='ocrx_word' id='word_1_191' title='bbox 369 2920 694 3015; x_wconf 83' lang='lat' dir='ltr'><strong>proximis</strong></span> <span class='ocrx_word' id='word_1_192' title='bbox 737 2918 1357 2986; x_wconf 70' lang='lat' dir='ltr'><strong>neeeffitudinibus⁹</strong></span> <span class='ocrx_word' id='word_1_193' title='bbox 1437 2917 1569 2980; x_wconf 86' lang='lat' dir='ltr'><strong>Sed</strong></span> <span class='ocrx_word' id='word_1_194' title='bbox 1612 2917 1755 2980; x_wconf 84' lang='lat' dir='ltr'><strong>sunt</strong></span> <span class='ocrx_word' id='word_1_195' title='bbox 1787 2919 1951 2982; x_wconf 87' lang='lat' dir='ltr'><strong>haec</strong></span> <span class='ocrx_word' id='word_1_196' title='bbox 2000 2921 2267 2984; x_wconf 69' lang='lat' dir='ltr'><strong>alterius</strong></span> <span class='ocrx_word' id='word_1_197' title='bbox 2334 2927 2339 2934; x_wconf 86' lang='lat'>&#39;</span> 
     </span>
     <span class='ocr_line' id='line_1_25' title="bbox 119 3011 2267 3108; baseline 0.002 -22"><span class='ocrx_word' id='word_1_198' title='bbox 119 3025 264 3100; x_wconf 88' lang='lat' dir='ltr'><strong>loci,</strong></span> <span class='ocrx_word' id='word_1_199' title='bbox 297 3040 362 3089; x_wconf 86' lang='lat' dir='ltr'><strong>et</strong></span> <span class='ocrx_word' id='word_1_200' title='bbox 397 3041 706 3098; x_wconf 81' lang='lat' dir='ltr'><strong>crescunt</strong></span> <span class='ocrx_word' id='word_1_201' title='bbox 741 3027 868 3108; x_wconf 83' lang='lat' dir='ltr'><strong>jam</strong></span> <span class='ocrx_word' id='word_1_202' title='bbox 903 3029 972 3090; x_wconf 89' lang='lat' dir='ltr'><strong>in</strong></span> <span class='ocrx_word' id='word_1_203' title='bbox 996 3028 1423 3090; x_wconf 83' lang='lat' dir='ltr'><strong>maturitatem</strong></span> <span class='ocrx_word' id='word_1_204' title='bbox 1454 3024 1523 3086; x_wconf 88' lang='lat' dir='ltr'><strong>in</strong></span> <span class='ocrx_word' id='word_1_205' title='bbox 1559 3025 1853 3089; x_wconf 84' lang='lat' dir='ltr'><strong>armariis</strong></span> <span class='ocrx_word' id='word_1_206' title='bbox 1886 3024 2118 3091; x_wconf 76' lang='lat' dir='ltr'><strong>nostris</strong></span> <span class='ocrx_word' id='word_1_207' title='bbox 2140 3011 2267 3090; x_wconf 55' lang='lat'><strong>13.</strong></span> 
     </span>
     <span class='ocr_line' id='line_1_26' title="bbox 120 3119 765 3219; baseline 0.005 -26"><span class='ocrx_word' id='word_1_208' title='bbox 120 3133 344 3196; x_wconf 84' lang='lat' dir='ltr'><strong>ctiones</strong></span> <span class='ocrx_word' id='word_1_209' title='bbox 374 3119 765 3219; x_wconf 82' lang='lat' dir='ltr'><strong>Nepotinae.</strong></span> 
     </span>
    </p>
   </div>
   <div class='ocr_carea' id='block_1_6' title="bbox 713 3283 1679 3466">
    <p class='ocr_par' dir='ltr' id='par_1_6' title="bbox 713 3283 1679 3466">
     <span class='ocr_line' id='line_1_27' title="bbox 1024 3283 1350 3346; baseline 0 -1"><span class='ocrx_word' id='word_1_210' title='bbox 1024 3283 1146 3345; x_wconf 92' lang='lat' dir='ltr'><strong>I·D</strong></span> <span class='ocrx_word' id='word_1_211' title='bbox 1180 3283 1241 3346; x_wconf 90' lang='lat' dir='ltr'>E</span> <span class='ocrx_word' id='word_1_212' title='bbox 1277 3283 1350 3345; x_wconf 81' lang='lat' dir='ltr'>M</span> 
     </span>
     <span class='ocr_line' id='line_1_28' title="bbox 713 3389 1679 3466; baseline 0.001 -14"><span class='ocrx_word' id='word_1_213' title='bbox 713 3393 787 3453; x_wconf 83' lang='lat' dir='ltr'><strong>ad</strong></span> <span class='ocrx_word' id='word_1_214' title='bbox 835 3391 932 3454; x_wconf 86' lang='lat' dir='ltr'><strong>lib.</strong></span> <span class='ocrx_word' id='word_1_215' title='bbox 985 3411 1047 3454; x_wconf 83' lang='lat' dir='ltr'><strong>v.</strong></span> <span class='ocrx_word' id='word_1_216' title='bbox 1117 3389 1283 3453; x_wconf 81' lang='lat' dir='ltr'><strong>Theb.</strong></span> <span class='ocrx_word' id='word_1_217' title='bbox 1331 3409 1478 3452; x_wconf 82' lang='lat' dir='ltr'><strong>vers.</strong></span> <span class='ocrx_word' id='word_1_218' title='bbox 1535 3389 1679 3466; x_wconf 75' lang='lat'><strong>145..</strong></span> 
     </span>
    </p>
   </div>
   <div class='ocr_carea' id='block_1_7' title="bbox 108 3519 2265 4139">
    <p class='ocr_par' dir='ltr' id='par_1_7' title="bbox 108 3519 2265 4139">
     <span class='ocr_line' id='line_1_29' title="bbox 253 3519 2265 3612; baseline -0.002 -28"><span class='ocrx_word' id='word_1_219' title='bbox 253 3523 503 3604; x_wconf 78' lang='lat' dir='ltr'><strong>Invexit</strong></span> <span class='ocrx_word' id='word_1_220' title='bbox 538 3523 608 3584; x_wconf 90' lang='lat' dir='ltr'><strong>in</strong></span> <span class='ocrx_word' id='word_1_221' title='bbox 655 3523 995 3586; x_wconf 87' lang='lat' dir='ltr'><strong>Graeciam</strong></span> <span class='ocrx_word' id='word_1_222' title='bbox 1041 3524 1167 3587; x_wconf 87' lang='lat' dir='ltr'><strong>hoc</strong></span> <span class='ocrx_word' id='word_1_223' title='bbox 1222 3523 1383 3585; x_wconf 86' lang='lat' dir='ltr'><strong>scuti</strong></span> <span class='ocrx_word' id='word_1_224' title='bbox 1436 3543 1641 3606; x_wconf 80' lang='lat' dir='ltr'><strong>genus</strong></span> <span class='ocrx_word' id='word_1_225' title='bbox 1668 3565 1684 3597; x_wconf 92' lang='lat'><strong>,</strong></span> <span class='ocrx_word' id='word_1_226' title='bbox 1730 3519 1991 3612; x_wconf 78' lang='lat' dir='ltr'><strong>[peltas]</strong></span> <span class='ocrx_word' id='word_1_227' title='bbox 2037 3519 2265 3584; x_wconf 85' lang='lat' dir='ltr'><strong>amotis</strong></span> 
     </span>
     <span class='ocr_line' id='line_1_30' title="bbox 113 3621 2265 3716; baseline -0.001 -26"><span class='ocrx_word' id='word_1_228' title='bbox 113 3630 525 3713; x_wconf 71' lang='lat' dir='ltr'><strong>vegrandibus</strong></span> <span class='ocrx_word' id='word_1_229' title='bbox 571 3633 852 3716; x_wconf 84' lang='lat' dir='ltr'><strong>clypeis,</strong></span> <span class='ocrx_word' id='word_1_230' title='bbox 907 3621 1032 3694; x_wconf 73' lang='lat' dir='ltr'><strong>cet.</strong></span> <span class='ocrx_word' id='word_1_231' title='bbox 1119 3629 1513 3716; x_wconf 85' lang='lat' dir='ltr'><strong>Iphicrates,</strong></span> <span class='ocrx_word' id='word_1_232' title='bbox 1588 3644 1657 3693; x_wconf 89' lang='lat' dir='ltr'><strong>ut</strong></span> <span class='ocrx_word' id='word_1_233' title='bbox 1688 3623 1917 3691; x_wconf 81' lang='lat' dir='ltr'><strong>auctor</strong></span> <span class='ocrx_word' id='word_1_234' title='bbox 1951 3649 2032 3692; x_wconf 86' lang='lat' dir='ltr'><strong>ex</strong></span> <span class='ocrx_word' id='word_1_235' title='bbox 2066 3629 2265 3692; x_wconf 79' lang='lat' dir='ltr'><strong>Corn.</strong></span> 
     </span>
     <span class='ocr_line' id='line_1_31' title="bbox 111 3713 2263 3820; baseline -0.002 -22"><span class='ocrx_word' id='word_1_236' title='bbox 111 3740 341 3820; x_wconf 89' lang='lat' dir='ltr'><strong>Nepote</strong></span> <span class='ocrx_word' id='word_1_237' title='bbox 370 3735 698 3799; x_wconf 86' lang='lat' dir='ltr'><strong>Aemilius</strong></span> <span class='ocrx_word' id='word_1_238' title='bbox 735 3737 993 3802; x_wconf 84' lang='lat' dir='ltr'><strong>Probus</strong></span> <span class='ocrx_word' id='word_1_239' title='bbox 1014 3783 1031 3814; x_wconf 88' lang='lat'><strong>‚</strong></span> <span class='ocrx_word' id='word_1_240' title='bbox 1059 3783 1068 3793; x_wconf 64' lang='lat'>„</span> <span class='ocrx_word' id='word_1_241' title='bbox 1104 3751 1231 3801; x_wconf 87' lang='lat' dir='ltr'><strong>cet.</strong></span> <span class='ocrx_word' id='word_1_242' title='bbox 1315 3713 1401 3798; x_wconf 55' lang='lat' dir='ltr'><strong>ln‘</strong></span> <span class='ocrx_word' id='word_1_243' title='bbox 1420 3757 1499 3802; x_wconf 91' lang='lat' dir='ltr'><strong>eo</strong></span> <span class='ocrx_word' id='word_1_244' title='bbox 1524 3751 1787 3798; x_wconf 85' lang='lat' dir='ltr'><strong>auctore</strong></span> <span class='ocrx_word' id='word_1_245' title='bbox 1817 3735 2077 3820; x_wconf 76' lang='lat' dir='ltr'><strong>insignis</strong></span> <span class='ocrx_word' id='word_1_246' title='bbox 2109 3755 2263 3798; x_wconf 88' lang='lat' dir='ltr'><strong>con-</strong></span> 
     </span>
     <span class='ocr_line' id='line_1_32' title="bbox 108 3835 2265 3928; baseline 0 -25"><span class='ocrx_word' id='word_1_247' title='bbox 108 3844 387 3907; x_wconf 85' lang='lat' dir='ltr'><strong>tradictio</strong></span> <span class='ocrx_word' id='word_1_248' title='bbox 423 3841 548 3918; x_wconf 85' lang='lat' dir='ltr'><strong>est,</strong></span> <span class='ocrx_word' id='word_1_249' title='bbox 606 3837 1022 3906; x_wconf 81' lang='lat' dir='ltr'><strong>eadem&#39;vita.</strong></span> <span class='ocrx_word' id='word_1_250' title='bbox 1112 3847 1271 3908; x_wconf 91' lang='lat' dir='ltr'><strong>Cum</strong></span> <span class='ocrx_word' id='word_1_251' title='bbox 1314 3843 1489 3906; x_wconf 87' lang='lat' dir='ltr'><strong>enim</strong></span> <span class='ocrx_word' id='word_1_252' title='bbox 1524 3841 1916 3928; x_wconf 87' lang='lat' dir='ltr'><strong>Iphicratem</strong></span> <span class='ocrx_word' id='word_1_253' title='bbox 1962 3835 2265 3904; x_wconf 78' lang='lat' dir='ltr'><strong>laudass&#39;et</strong></span> 
     </span>
     <span class='ocr_line' id='line_1_33' title="bbox 111 3943 2262 4032; baseline 0 -22"><span class='ocrx_word' id='word_1_254' title='bbox 111 3949 174 4010; x_wconf 87' lang='lat' dir='ltr'><strong>ab</strong></span> <span class='ocrx_word' id='word_1_255' title='bbox 207 3949 607 4025; x_wconf 86' lang='lat' dir='ltr'><strong>instruendo,</strong></span> <span class='ocrx_word' id='word_1_256' title='bbox 664 3948 964 4014; x_wconf 88' lang='lat' dir='ltr'><strong>docendo</strong></span> <span class='ocrx_word' id='word_1_257' title='bbox 987 3994 1004 4026; x_wconf 94' lang='lat'>‚</span> <span class='ocrx_word' id='word_1_258' title='bbox 1062 3949 1471 4032; x_wconf 74' lang='lat' dir='ltr'><strong>exercendo,</strong></span> <span class='ocrx_word' id='word_1_259' title='bbox 1551 3943 1995 4013; x_wconf 81' lang='lat' dir='ltr'><strong>constituendo</strong></span> <span class='ocrx_word' id='word_1_260' title='bbox 2029 3949 2262 4021; x_wconf 79' lang='lat' dir='ltr'><strong>milite,</strong></span> 
     </span>
     <span class='ocr_line' id='line_1_34' title="bbox 111 4053 2264 4139; baseline 0.001 -25"><span class='ocrx_word' id='word_1_261' title='bbox 111 4053 342 4135; x_wconf 79' lang='lat' dir='ltr'><strong>adjicit:</strong></span> <span class='ocrx_word' id='word_1_262' title='bbox 401 4059 538 4118; x_wconf 83' lang='lat' dir='ltr'><strong>Fuit</strong></span> <span class='ocrx_word' id='word_1_263' title='bbox 574 4062 636 4118; x_wconf 82' lang='lat' dir='ltr'><strong>in</strong></span> <span class='ocrx_word' id='word_1_264' title='bbox 669 4057 856 4118; x_wconf 83' lang='lat' dir='ltr'><strong>labore</strong></span> <span class='ocrx_word' id='word_1_265' title='bbox 895 4056 1139 4136; x_wconf 71' lang='lat' dir='ltr'><strong>remiffits</strong></span> <span class='ocrx_word' id='word_1_266' title='bbox 1169 4061 1332 4118; x_wconf 79' lang='lat' dir='ltr'><strong>nimis</strong></span> <span class='ocrx_word' id='word_1_267' title='bbox 1355 4063 1701 4139; x_wconf 53' lang='lat' dir='ltr'><strong>,span-umque</strong></span> <span class='ocrx_word' id='word_1_268' title='bbox 1718 4061 1935 4138; x_wconf 79' lang='lat' dir='ltr'><strong>patiens</strong></span> <span class='ocrx_word' id='word_1_269' title='bbox 1951 4098 1969 4130; x_wconf 93' lang='lat'><strong>,</strong></span> <span class='ocrx_word' id='word_1_270' title='bbox 2002 4076 2068 4117; x_wconf 82' lang='lat' dir='ltr'><strong>ut</strong></span> <span class='ocrx_word' id='word_1_271' title='bbox 2091 4055 2264 4117; x_wconf 82' lang='lat' dir='ltr'><strong>Theo-</strong></span> 
     </span>
    </p>
   </div>
   <div class='ocr_carea' id='block_1_8' title="bbox 103 4147 2409 4302">
    <p class='ocr_par' dir='ltr' id='par_1_8' title="bbox 103 4147 2409 4302">
     <span class='ocr_line' id='line_1_35' title="bbox 103 4147 2409 4267; baseline 0.002 -43"><span class='ocrx_word' id='word_1_272' title='bbox 103 4176 300 4246; x_wconf 73' lang='lat' dir='ltr'><strong>pompus</strong></span> <span class='ocrx_word' id='word_1_273' title='bbox 332 4166 616 4254; x_wconf 80' lang='lat' dir='ltr'><strong>prodidit.</strong></span> <span class='ocrx_word' id='word_1_274' title='bbox 703 4163 817 4258; x_wconf 63' lang='grc' dir='ltr'><strong>Λιι</strong></span> <span class='ocrx_word' id='word_1_275' title='bbox 833 4161 982 4226; x_wconf 83' lang='lat' dir='ltr'><strong>talis</strong></span> <span class='ocrx_word' id='word_1_276' title='bbox 1021 4163 1218 4267; x_wconf 64' lang='lat' dir='ltr'><strong>bomo</strong></span> <span class='ocrx_word' id='word_1_277' title='bbox 1249 4164 1539 4248; x_wconf 82' lang='lat' dir='ltr'><strong>potuerit</strong></span> <span class='ocrx_word' id='word_1_278' title='bbox 1562 4165 1770 4250; x_wconf 38' lang='lat' dir='ltr'><strong>‘talem</strong></span> <span class='ocrx_word' id='word_1_279' title='bbox 1800 4161 2073 4224; x_wconf 79' lang='lat' dir='ltr'><strong>militem</strong></span> <span class='ocrx_word' id='word_1_280' title='bbox 2106 4183 2262 4228; x_wconf 81' lang='lat' dir='ltr'><strong>con·</strong></span> <span class='ocrx_word' id='word_1_281' title='bbox 2300 4147 2309 4228; x_wconf 55' lang='lat' dir='ltr'>s</span> <span class='ocrx_word' id='word_1_282' title='bbox 2389 4175 2409 4244; x_wconf 70' lang='grc' dir='ltr'><strong><em>ζ</em></strong></span> 
     </span>
     <span class='ocr_line' id='line_1_36' title="bbox 820 4261 1449 4302; baseline 0.002 -13"><span class='ocrx_word' id='word_1_283' title='bbox 820 4283 826 4289; x_wconf 72' lang='grc'><strong><em>,</em></strong></span> <span class='ocrx_word' id='word_1_284' title='bbox 1331 4261 1346 4278; x_wconf 51' lang='lat'><strong>¹·</strong></span> <span class='ocrx_word' id='word_1_285' title='bbox 1428 4267 1449 4302; x_wconf 62' lang='grc' dir='ltr'>χ</span> 
     </span>
    </p>
   </div>
  </div>
 </body>
</html>
