2763 4797
401 273 486 338 44
524 288 528 293 ,

856 237 1501 325 οοιιΝΕιιι.
1562 212 2149 339 ΝΕΡοώιὲ

2281 194 2295 228 l

295 528 302 536 .
399 474 690 555 Namque
759 467 1030 534 arbores
1099 466 1322 528 multis
1391 466 1591 531 loeis,
1630 451 1833 557 erant'
1888 472 2156 538 stratae,
2240 462 2371 527 hoc
2415 483 2581 527 con..

461 672 580 730 uod
608 674 904 742 obiectum
933 670 1042 740 est,
1081 675 1306 731 arborum
1322 678 1455 729 rari-

430 765 491 818 p.
514 745 636 813 44.)
665 754 820 797 tatem
853 762 950 797 non
1001 744 1237 814 impedire
1265 748 1456 815 equita-

401 823 568 867 tatum
586 848 602 877 ,
652 814 731 865 sed
759 815 1071 866 crebritatem
1084 814 1246 865 silvae
1263 832 1322 865 ac
1339 814 1455 865 den-

381 881 596 949 ,atatem
613 900 632 949 3
653 899 776 934 non
789 881 1168 936 concess'erim
1184 882 1453 937 omnino.

421 948 568 1029 Quis
588 949 744 1002 enim
775 966 896 1003 non
922 947 1119 1002 videat
1138 986 1154 1013 ,
1203 950 1455 1005 arbores

325 1074 330 1082 ,
399 1016 544 1071 licet
573 1035 742 1071 raras
773 1028 833 1071 et
852 1034 970 1101 per
1004 1016 1217 1071 scriem
1251 1028 1454 1072 enatas

403 1084 508 1141 sed
537 1084 899 1141 multislocis
928 1096 1124 1139 tamen
1145 1122 1162 1151 ‚
1198 1084 1454 1141 Miltiadi

403 1152 712 1209 subsidium
730 1184 774 1220 ,κ
799 1154 941 1210 hosti
979 1153 1459 1237 impedimentum

404 1222 685 1287 attuliss'e‚
737 1222 900 1290 cujus
933 1230 1158 1295 equites
1186 1241 1295 1276 nec
1327 1223 1456 1277 ubi-

405 1308 554 1362 que,
591 1306 701 1343 nec
727 1290 924 1345 libero
958 1292 1236 1356 incursu,
1277 1291 1456 1365 impe-

403 1368 581 1431 tuque
613 1376 680 1411 ac
723 1374 1008 1425 recursu,
1081 1377 1190 1413 nec
1235 1371 1458 1437 quanto

343 1430 346 1437 '
404 1428 724 1502 cupiebant
755 1428 983 1501 agmine
1003 1464 1019 1493 ,
1059 1428 1342 1483 arborum
1369 1448 1456 1481 m-
1488 1460 1498 1479 l

402 1502 677 1549 tel-ventu
704 1497 987 1571 praeliari
1020 1507 1318 1569 poterant.
1354 1498 1459 1549 Er-

404 1580 478 1635 go
539 1564 634 1617 hic
685 1564 921 1637 quidem
966 1565 1114 1618 nihil
1166 1564 1453 1639 scrupuli.

405 1632 546 1690 Sola
593 1632 796 1697 restat,
871 1650 1021 1709 quae
1073 1644 1433 1703 memoratur

399 1700 761 1756 Marathonii
795 1702 985 1775 campi
1017 1702 1316 1775 planities.
1340 1702 1417 1757 Se

371 1767 549 1843 ¹quid
593 1768 673 1820 im
717 1768 957 1824 licamus
1007 1786 1132 1823 rem
1179 1771 1316 1824 satis
1365 1786 1457 1821 ex-

401 1836 663 1911 peditam
744 1837 837 1891 An
861 1846 1125 1911 pugnant
1139 1838 1272 1893 ista:
1309 1856 1457 1892 cam-

401 1922 513 1979 pus
549 1902 676 1977 ipse
709 1906 916 1981 planus
967 1916 1095 1959 erat
1144 1917 1203 1960 et
1235 1906 1457 1983 equita·

404 1973 496 2030 tui
523 1991 556 2026 a
601 1984 694 2027 tus
713 1993 745 2041 z,
765 1984 824 2027 et
851 1974 960 2032 sub
977 1972 1280 2030 radicibus
1294 1992 1457 2030 mon-

403 2042 481 2096 tis
509 2060 540 2095 a
584 2043 688 2105 iti,
761 2043 1010 2097 arbores
1057 2044 1255 2098 multis
1304 2044 1457 2101 locis

405 2111 639 2166 tractim
671 2109 876 2164 enatae
904 2110 1269 2166 visebantur.
1330 2113 1457 2165 Gebss·

407 2181 586 2233 bardus
615 2189 807 2232 tamen
839 2181 896 2231 de
925 2183 1176 2234 arboribus
1199 2180 1461 2249 prostratis

407 2248 650 2316 conjicit
670 2283 687 2312 ‚
727 2246 800 2316 ad
829 2247 1266 2323 impediendum
1296 2248 1457 2321 equi·

405 2323 589 2369 tatum
639 2315 882 2369 hostium
945 2316 969 2381 (
999 2327 1056 2368 ut
1089 2332 1172 2389 ap.
1210 2318 1457 2371 Frontin.

405 2403 462 2448 a,
497 2386 594 2454 9.)
631 2382 814 2458 igitur
842 2404 958 2458 pro
991 2405 1133 2452 rarae
1151 2386 1460 2464 legendum

407 2454 577 2518 effet,
605 2455 829 2519 stratae,
883 2454 1044 2527 quod
1073 2455 1122 2509 si
1154 2454 1459 2524 inmodice

407 2521 529 2574 ullo
567 2521 978 2594 reperiretur,
1014 2523 1129 2590 jam
1161 2523 1344 2577 dubio
1361 2540 1458 2577 res

308 2629 312 2636 .
408 2599 688 2654 careret,
724 2589 1062 2666 optimeque
1097 2589 1330 2645 consilii
1364 2609 1456 2644 ra-

407 2659 494 2710 tio
525 2657 955 2731 explicaretur,
1007 2659 1285 2714 nimirum
1327 2660 1395 2713 uf
1424 2677 1459 2712 a

395 2735 578 2798 tergo
608 2725 942 2791 montibuS,
991 2727 1179 2781 latere
1213 2745 1455 2782 concae-

408 2791 582 2846 dibus
630 2793 887 2849 munitos
936 2794 1320 2851 Athenienses
1369 2797 1455 2849 in·

407 2861 824 2934 telligeremus.
869 2863 1049 2920 Boecl.
1134 2865 1327 2939 Atque
1372 2865 1457 2918 sie

379 2931 584 2982 'etiam
646 2931 927 2985 Buchnerus
1006 2932 1458 2988 rescribendum

323 3011 340 3024 ⁰
409 2999 706 3052 censebat.
747 2997 891 3054 Nam
923 3001 985 3054 in
1015 3001 1457 3058 Commentario

410 3066 484 3120 ad
507 3067 566 3124 h.
600 3068 640 3122 l.
692 3069 888 3132 Haec,
927 3074 1128 3140 inquit,
1166 3070 1455 3124 abnurdis-

409 3134 544 3188 fima
571 3135 752 3191 lectio
801 3148 907 3194 est.
980 3139 1315 3214 Legendum
1359 3139 1457 3193 vel

265 3251 272 3256 .
361 3229 367 3257 r
400 3204 588 3270 stratae
615 3206 711 3258 vel
731 3205 897 3268 satae.
949 3209 1254 3282 Significat
1279 3226 1336 3260 n.
1357 3216 1459 3260 aut

781 3275 932 3330 affim
983 3287 1224 3332 truncos
1279 3277 1488 3330 arbo--

411 3271 687 3346 depactos

409 3359 578 3406 rum,
617 3351 717 3396 aut
789 3353 949 3399 ratos
983 3346 1147 3401 fuiss'e
1168 3383 1186 3411 ,
1237 3346 1457 3416 quibus

411 3409 657 3464 access’us
726 3412 985 3492 equitum
1049 3414 1453 3488 impediretur.

371 3525 376 3532 .
408 3479 610 3550 Longe
662 3477 980 3538 inferiores
1011 3502 1258 3540 numero
1292 3493 1461 3541 erant

413 3545 659 3614 Graeci3
701 3547 934 3620 itaque,
969 3559 1045 3604 'ne
1064 3553 1461 3608 barbarorum

413 3613 785 3670 multitudine
822 3617 1274 3688 clauderentur,
1325 3639 1458 3694 par-

413 3685 521 3738 tim
552 3701 584 3735 a
601 3682 719 3736 loci
738 3685 973 3756 ingenio
994 3691 1276 3761 petebant
1289 3708 1459 3764 prae-

417 3751 627 3810 sidium
643 3787 680 3834 ‚'
699 3753 918 3825 partim
946 3767 1071 3812 arte
1088 3769 1258 3834 atque
1277 3761 1461 3815 soler-

416 3819 885 3876 tiaefflciehant.
958 3825 1149 3881 Locus
1180 3828 1458 3893 faciebat,

417 3908 492 3942 ne
520 3907 591 3943 ex
621 3890 803 3945 altera
831 3904 1000 3962 parte
1017 3911 1044 3959 ς
1091 3913 1205 3969 qua
1230 3908 1462 3952 montes

415 3959 770 4032 cingebant,
823 3962 1019 4016 invadi
1051 3966 1276 4036 pnlsent
1293 3985 1310 4032 3
1366 3984 1462 4024 ars

327 4057 330 4060 ·
421 4044 602 4092 vero,
639 4047 748 4092 ne,
785 4048 902 4103 qua
931 4035 1170 4106 patebat
1203 4051 1461 4107 campuS,

422 4095 725 4150 incurrere
745 4101 1034 4170 equitatus
1049 4102 1232 4177 poss'et
1251 4140 1267 4167 ‚
1301 4104 1458 4177 posi·

420 4165 494 4222 tis
523 4175 732 4221 contra
749 4174 978 4239 ¹truncis
1014 4172 1314 4254 arborum?
1339 4173 1463 4248 qui

1508 948 1787 1021 exponit.
1826 948 1987 999 Haec
2026 948 2327 1001 Bucbneras.

1505 1703 1583 1753 ‘in
1600 1702 1831 1755 Atticam
1856 1700 2153 1766 induxerat,
2190 1706 2239 1751 et
2278 1712 2337 1767 op

1522 672 1879 749 impedirent
1908 670 2271 729 accedentes.
2310 670 2589 725 Pertinet

1520 744 1635 798 hoc
1668 744 1741 796 ad
1772 742 2077 817 septimam
2093 736 2470 815 depugnandi
2488 755 2585 791 ra-

1523 812 1747 865 tionem
1775 810 2048 883 vegetii,
2088 808 2161 863 de
2177 826 2325 883 qua,
2362 816 2432 859 ut
2448 822 2582 861 cae·

1522 881 1667 937 teris
1702 878 1913 943 etiam,
1990 878 2123 933 Lib.
2162 897 2261 933 ιιι.
2314 892 2580 999 cali-iugo.

2471 963 2487 996 ι
2536 960 2556 995 ι

1523 1026 1587 1069 ut
1632 1014 1883 1091 ingenue
1920 1014 2142 1079 fatear,
2213 1010 2477 1067 nondum
2511 980 2585 1065 li:

1528 1095 1685 1167 quet.
1763 1086 2036 1140 Ceterum
2054 1092 2237 1136 artem
2256 1120 2272 1147 ,
2312 1096 2428 1153 qua
2445 1080 2583 1135 Mil-

1526 1153 1712 1208 tiades
1743 1170 1881 1207 usus
1917 1151 1991 1205 est
2034 1149 2312 1205 adversus
2354 1148 2586 1202 Barba-

1524 1240 1627 1276 ros
1650 1259 1665 1285 ‚
1704 1220 1907 1297 paullo
1932 1218 2238 1275 -diversam
2268 1217 2415 1269 facit
2448 1216 2585 1271 cle·

1526 1308 1687 1345 mens
1719 1286 2033 1344 Alexandr.
2071 1308 2119 1341 1.
2158 1288 2351 1343 strom.
2390 1304 2456 1361 p.
2496 1302 2587 1340 m.

1525 1360 1648 1427 348.
1702 1360 1882 1412 Noetu
1900 1392 1919 1421 ,
1956 1356 2149 1429 inquit
2168 1393 2185 1420 ,
2236 1356 2387 1409 duxit
2425 1354 2602 1407 Athe.-

1526 1430 1743 1493 m'enses,
1774 1441 1862 1497 per
1882 1426 2011 1477 ‘loca
2042 1428 2192 1479 invia
2226 1426 2325 1476 iter
2348 1424 2583 1487 faciens,

1523 1506 1574 1547 et
1599 1513 1701 1560 eos,
1752 1496 1839 1565 qui
1865 1495 2023 1563 ipsum
2056 1494 2407 1556 observabant,
2451 1490 2584 1543 Bar-

1526 1568 1665 1619 baros
1692 1564 1956 1633 decipiens.
2029 1562 2249 1631 Hippias
2274 1562 2445 1621 enim,
2488 1561 2583 1627 qui

1524 1632 1778 1697 defecerat
1810 1634 1869 1685 ab
1904 1628 2272 1697 Atheniensibus
2287 1666 2305 1693 ,
2344 1628 2579 1681 barbaros

2428 1705 2574 1759 tuna,

1524 1788 1649 1839 quae
1663 1778 2127 1839 praeoccupaverat,
2174 1768 2283 1843 loca
2346 1762 2583 1844 ervabaf,

1521 1848 1776 1909 propterea
1800 1838 1926 1907 quod
1970 1847 2077 1890 erat
2118 1839 2309 1907 peritus
2336 1837 2581 1901 regiones·

1529 1908 1608 1961 Ac
1644 1905 1854 1975 difficile
1874 1904 2068 1976 quidem
2100 1911 2244 1970 erat,
2279 1900 2583 1970 latereHip-

1521 1978 1681 2046 piam.
1764 1976 1907 2029 Unde
1940 1977 2119 2027 merito
2152 1970 2432 2029 Miltiades
2450 2008 2470 2043 ,
2530 1978 2587 2020 et

1527 2046 1650 2099 locis
1681 2045 1847 2098 inviis
1877 2053 1925 2099 et
1957 2052 2097 2097 nocte
2125 2059 2263 2107 usus,
2334 2033 2584 2107 aggreffus

1527 2112 1738 2178 Persas,
1784 2112 1956 2183 quibus
1996 2120 2219 2193 praeerat
2260 2110 2416 2163 Datis
2430 2146 2453 2184 ,Ι
2521 2108 2583 2157 in

1526 2184 1794 2238 certamine
1817 2183 2057 2251 candes,
2148 2188 2293 2231 ‘orum
2332 2181 2434 2247 ipse
2468 2173 2575 2227 dux

1526 2259 1659 2314 erat,
1710 2266 1767 2304 su
1798 2253 1931 2304 erim·
1989 2198 2167 2315 evql‘iut.
2226 2246 2356 2300 vult
2382 2254 2585 2299 autem

1528 2335 1661 2373 eum
1680 2316 1740 2371 in
1813 2336 1879 2373 ac
1911 2334 1978 2372 re
2006 2319 2250 2389 Moysen
2268 2314 2583 2369 imitatum.

1530 2384 1716 2450 BOfiw'·
1790 2385 1937 2444 eod.
1984 2388 2133 2456 Dan.
2182 2383 2456 2450 instructa,
2492 2398 2584 2433 no-

1526 2475 1599 2507 va
1662 2461 1826 2526 partis
1882 2473 2069 2510 summa
2121 2455 2282 2523 prael.
2348 2450 2579 2513 commis:

1526 2525 1690 2580 Leid.
1746 2536 1795 2578 et
1830 2542 1930 2578 non
1988 2523 2289 2594 apertiffl'ma
2323 2536 2402 2590 pr.
2442 2536 2579 2576 com.

1524 2594 1683 2650 Voss'.
1724 2595 1791 2652 Ο.
1830 2593 2083 2660 instructa,
2122 2595 2185 2644 in
2211 2600 2361 2662 parte
2396 2589 2588 2640 montis

1523 2679 1713 2715 summa
1730 2677 1813 2734 pr.
1849 2680 1976 2717 com.
2049 2663 2168 2716 Pro
2204 2662 2395 2728 arbores
2422 2653 2577 2711 cod.

1523 2728 1690 2785 Leid.
1729 2734 1935 2798 arbore,
1989 2749 2103 2807 pro
2136 2730 2328 2792 multis,
2364 2727 2581 2789 militis,

1527 2808 1586 2853 et
1670 2819 1741 2854 ro
1770 2805 1961 2865 rarae,⁸
2006 2799 2229 2868 stra'tae5
2302 2793 2405 2850 sed
2436 2809 2583 2846 raraeoe

1524 2869 1630 2924 MS
1682 2907 1696 2920 .
1739 2869 1929 2923 Oxou.
1967 2878 2025 2922 et
2050 2867 2208 2922 Voss'.
2244 2863 2315 2919 A.
2346 2865 2416 2916 B.
2442 2862 2583 2929 stra-

1524 2947 1604 2992 tae
1675 2936 1829 2991 lacet
1856 2937 2092 2992 Clerico
2124 2934 2283 2990 Bihl.
2333 2931 2483 2984 Anc.
2520 2939 2583 2982 et

1524 3010 1626 3062 Mo
1672 3043 1687 3059 .
1718 3007 1887 3060 Tom.
1924 3023 1985 3058 v·
2039 2985 2186 3078 Isi.
2240 3000 2446 3057 Verba
2492 2999 2585 3051 hoc

1524 3076 1724 3145 corfilio
1800 3071 2092 3128 arenthesi
2124 3072 2233 3124 effe
2266 3066 2581 3122 excluden-

1524 3142 1597 3198 da
1634 3155 1691 3198 et
1718 3093 1799 3200 ag
1806 3141 2167 3217 praecedens
2162 3140 2427 3262 (praelium
2447 3154 2585 3189 com-

1525 3215 1766 3266 miserunt
1790 3209 2123 3274 referenda,
2202 3217 2335 3262 ocet
2352 3202 2579 3260 Scheff.

1526 3281 1701 3354 Epist.
1734 3285 1787 3342 5.
1830 3279 1903 3335 ad
1916 3282 2046 3336 Nic.
2066 3269 2582 3355 Heinsium‚·qupd

1570 3351 1819 3404 robatur
1850 3349 1913 3403 in
1945 3351 2055 3424 Ep.
2089 3351 2143 3404 6.
2196 3345 2270 3400 ab
2304 3345 2577 3396 Heinsio.

1568 3418 1964 3474 Vehementer
1996 3417 2222 3480 miror,
2274 3408 2583 3486 quomodo

1529 3482 1674 3542 &iris
1706 3485 2057 3560 quibusdam
2099 3482 2286 3540 doctis
2337 3480 2583 3553 placere

1527 3555 1795 3631 potuerit
1813 3593 1831 3624 ‚
1866 3557 2063 3612 locum
2093 3553 2175 3606 ita
2204 3548 2583 3622 distinguere,

1526 3635 1594 3680 ut
1621 3625 1806 3680 verba
1824 3663 1841 3690 ,
1879 3637 2081 3692 namque
2109 3625 2217 3676 arb.
2236 3642 2306 3673 m.
2327 3619 2370 3671 l.
2390 3636 2437 3670 e.
2447 3617 2585 3682 stra-

1517 3704 1639 3760 tae,
1687 3693 1748 3748 in
1823 3691 2114 3749 arenthesi
2156 3687 2353 3764 posita
2400 3683 2585 3740 habe-

1529 3773 1723 3818 antur.
1850 3763 1869 3823 i
1939 3761 2136 3816 omnia
2198 3774 2291 3812 me
2342 3755 2581 3815 fallunt,

1528 3833 1714 3886 verba
1741 3831 1863 3897 illa,
1898 3845 2100 3889 namaue
2119 3858 2189 3870 —
2212 3823 2582 3882 clauderentur,

1530 3900 1692 3974 quod
1726 3912 1784 3957 et
1810 3899 1913 3955 alii
1942 3898 2253 3963 viderunt,
2290 3891 2584 3970 pluribus
2626 3941 2633 3947 .

1531 3981 1865 4043 exponunt,
1917 3984 2205 4042 quaenam
2248 3965 2352 4019 illa
2396 3962 2585 4018 fuerit

1529 4050 1686 4092 nova
1713 4055 1809 4094 ars
1830 4075 1847 4102 ,
1884 4055 1997 4115 qua
2028 4035 2214 4092 aciem
2245 4033 2582 4088 instructam

1528 4105 1754 4160 Auctor
1800 4105 2044 4162 dixerat.
2120 4105 2323 4158 stratae
2386 4112 2589 4157 autem

1500 4215 1503 4218 -
1531 4175 1684 4232 malo
1704 4211 1721 4242 ,
1760 4190 2108 4254 quamquam
2136 4189 2279 4250 ranae
2312 4173 2490 4230 etiam
2519 4166 2589 4228 iu
