2763 4797
316 387 399 434 π
650 307 1874 470 sr'PnAEnrAffiio

318 581 885 669 nominabimus,
936 576 1453 682 benevolentia
1471 601 1625 650 non
1655 578 1890 650 solum
1912 575 2488 679 praestantissimi

320 703 961 804 Guelpherbytani
1008 702 1291 776 codicis
1322 701 1562 774 varias
1607 702 1964 775 lectiones
2007 719 2096 774 et»
2118 729 2272 774 non
2299 700 2489 773 infe-

318 829 601 903 riorum
640 824 1081 902 auotoritate
1122 825 1664 900 Axenianarum
1705 825 2294 899 membranarum
2333 826 2490 899 col-

316 951 722 1042 lationem,
796 977 859 1024 a
900 950 1237 1025 Moschio
1286 951 1520 1022 multo
1566 949 1980 1023 accuratius
2008 1002 2031 1039 ,
2125 976 2350 1049 quam
2393 951 2488 1022 ab

316 1079 765 1176 Heufingero
800 1073 1079 1156 factum
1110 1093 1317 1185 erat,
1367 1075 1784 1174 evulgatam
1802 1127 1825 1167 ,
1880 1073 2011 1148 sed
2035 1076 2256 1148 etiam
2277 1103 2492 1176 prae·

314 1219 433 1276 ter
469 1201 821 1342 optimam
862 1191 1429 1299 Ultrajectinam
1477 1198 1877 1271 editionem
1905 1199 2085 1271 alias
2124 1199 2493 1298 antiquio-

316 1349 439 1400 res
479 1325 896 1426 inspicere,
968 1323 1207 1438 iisque
1264 1325 1359 1396 ad
1417 1324 1877 1423 emendanda
1909 1324 2234 1396 Cornelii
2271 1325 2498 1398 verba

316 1451 439 1522 uti
452 1441 683 1522 nobis
696 1450 975 1526 liceret.
1050 1448 1232 1520 Sed
1256 1453 1652 1546 antequam
1682 1447 1778 1519 ad
1792 1423 2284 1522 describenda
2309 1449 2496 1522 haec

319 1574 637 1675 Nepotis
692 1572 1008 1646 ornandi
1064 1571 1430 1660 subfidia,
1481 1587 1578 1644 et
1590 1598 1716 1661 ea,
1773 1568 1962 1671 q'uae
2008 1572 2301 1646 illorum
2347 1599 2494 1676 ope
2558 1551 2570 1556 ⁶

316 1724 461 1771 nos
516 1698 887 1799 praestare
938 1697 1187 1770 conati
1228 1697 1453 1772 simus
1473 1750 1495 1786 ,
1569 1697 1984 1775 enarranda
2027 1689 2490 1788 accedamus,

319 1823 604 1897 neceffe
650 1819 787 1911 est,
862 1838 943 1893 ut
992 1821 1085 1892 de
1144 1821 1544 1894 (lodicibus
1567 1875 1590 1910 ,
1677 1847 1992 1920 quorum
2057 1823 2497 1898 auctoritate

314 1946 630 2058 Nepotis
686 1962 925 2016 textus
966 1971 1023 2049 ,ιι
1058 1945 1259 2026 Viris
1312 1947 1575 2020 Doctis
1619 1945 2048 2023 constitutus
2094 1945 2242 2035 est,
2275 1966 2369 2020 et
2401 1924 2512 2019 (16

298 2067 411 2140 'iis
441 2017 941 2187 editionibus,
998 2095 1188 2178 quae
1226 2071 1723 2174 praecipuam
1736 2070 1850 2143 vel
1873 2065 2357 2146 correctionis
2379 2074 2496 2146 vel

316 2161 836 2306 explicationis
892 2194 1188 2268 laudem
1231 2191 1507 2266 habent
1527 2249 1549 2285 ,
1629 2221 2106 2298 exponamus.
2211 2197 2436 2298 Qua
2417 2225 2496 2270 ιιι

318 2343 401 2395 re
422 2347 670 2434 (χιιιιιιι
712 2318 1196 2437 Eil'cherum
1174 2345 1253 2417 ιιι
1294 2318 1812 2413 Praefatione,
1865 2348 2111 2423 quam
2128 2322 2492 2419 Harlefius

292 2414 569 2518 ⁶inultis
610 2402 1248 2531 observationibus
1286 2444 1762 2548 locupletavit
1786 2499 1810 2534 ,
1881 2472 2062 2549 prae
2098 2448 2362 2521 ceteris
2385 2447 2493 2519 di-

312 2552 634 2668 ligenter
658 2589 733 2645 et
770 2569 1262 2685 intelligenter
1291 2569 1653 2642 versatum
1678 2572 1854 2643 elI'e
1833 2590 2024 2645 mter
2045 2597 2298 2649 omnes
2314 2595 2490 2645 con-

316 2691 493 2782 stet,
516 2694 745 2769 illius
782 2655 1277 2767 Praefationis
1320 2719 1480 2765 eam
1512 2714 1838 2795 partem,
1891 2696 1970 2769 in
2012 2722 2162 2796 qua
2185 2696 2276 2771 de
2311 2695 2491 2767 scri-

194 2876 199 2883 ,
312 2816 467 2920 ptis
510 2778 875 2921 editisque
922 2803 1255 2910 (ᾗοιιι6154
1292 2818 1506 2893 libris
1550 2819 1826 2919 agitur,
1903 2819 2007 2893 ita
2055 2820 2135 2891 in
2177 2819 2496 2926 nostram

313 2940 904 3041 transferemus,
954 2963 1038 3031 ut
1083 2946 1494 3051 quaedam,
1541 2972 1696 3019 non
1739 2946 1916 3019 satis
1953 2963 2154 3019 reete
2192 2920 2493 3033 tradita,

314 3068 835 3167 emendemus,
884 3070 1063 3175 alia,
1118 3095 1307 3174 quae
1344 3070 1671 3143 virorum
1710 3030 2003 3151 illorum
2044 3070 2496 3169 diligentiam

238 3272 245 3281 ,
320 3190 738 3297 effugerunt
758 3243 780 3283 ,
831 3176 1288 3300 adjiciamus,

318 3404 327 3413 ⁸
383 3390 395 3421 .-
452 3319 825 3407 „Italiae
872 3316 1404 3423 bibliothecas
1398 3345 1553 3425 non
1575 3321 1868 3423 reperio
1889 3321 2369 3421 suppeditass'e
2397 3322 2495 3410 ad

319 3440 821 3519 emendandas
860 3442 1173 3543 Nepotis
1212 3443 1425 3518 Vitas
1480 3444 1793 3519 Codices
1800 3446 2146 3547 scriptos
2196 3448 2496 3538 multos,

316 3582 616 3674 praeter
644 3592 775 3667 eos
804 3618 827 3656 ,
880 3593 922 3639 e
962 3564 1231 3668 quibus
1266 3570 1549 3670 primae
1583 3538 1876 3671 illarum
1917 3566 2302 3667 editiones,
2327 3591 2492 3647 tan-

320 3713 546 3791 quam
589 3690 725 3763 rivi
776 3716 817 3763 6
866 3690 1204 3764 fontibus
1223 3744 1247 3783 ,
1344 3693 1704 3798 deductae
1763 3695 2088 3768 fuerunt.
2203 3699 2494 3797 Magius

257 3822 261 3827 ’
322 3816 625 3914 quidem
647 3868 671 3905 ,
734 3804 831 3891 (16
844 3818 1070 3927 cujus
1109 3816 1191 3889 in
1225 3819 1652 3899 Cornelium
1691 3821 1970 3897 meritis
1997 3822 2266 3899 (161ιι(16
2290 3826 2496 3900 dice·

317 3964 482 4031 mus
502 3990 525 4029 ,
576 3942 753 4037 usus
799 3940 901 4015 est
955 3940 1165 4014 libris
1212 3942 1504 4045 scriptis
1555 3924 1866 4026 duobus
1869 3998 1893 4046 7
1983 3972 2140 4025 uno
2165 4002 2231 4038 ,
2249 3944 2498 4049 quem

316 4065 867 4143 membraneum
914 4084 1135 4141 vocat
1196 4064 1302 4159 ¹),
1395 4070 1630 4153 altero
1675 4122 1708 4163 ,
1778 4098 2026 4171 -quem
2075 4074 2501 4177 pertinuiss'e

380 4213 571 4346 ιμῖι
592 4256 847 4317 ιιιιιιοιι
882 4260 938 4325 4,
976 4262 1033 4328 4.
1074 4256 1331 4320 riser-er,
