2763 4797
493 316 598 396 κβ·
884 316 1549 387 ,CORNELH
1628 266 2289 411 Naroma-

493 505 744 617 Quibus
777 521 972 595 rebus
1004 518 1231 593 fiebat,
1274 532 1346 595 ut,
1384 538 1514 577 non
1544 517 1752 579 minus
1784 540 2011 584 eorum
2038 523 2367 583 voluntate
2396 536 2639 603 perpe-
2721 576 2722 587 ,

493 631 608 679 tuo
639 617 979 701 imperium
1007 618 1368 688 obtineret,
1414 614 1523 698 qui
1554 616 1883 689 miserant,
1918 639 2105 701 quam
2134 620 2433 689 illorum,
2494 635 2640 675 cum
2721 630 2722 673 3

413 727 460 798 4
505 716 736 799 quibus
783 728 920 777 erat
961 714 1315 799 profectus.
1418 712 1993 797 Chersoneso‘tali'
2028 716 2221 778 modo
2267 711 2635 785 constituta,

465 802 808 875 .Lemnum
850 810 1238 879 revertitur,
1299 822 1364 871 et
1410 828 1489 871 ex
1533 822 1721 893 pacto
1766 808 2069 893 postulat,
2126 826 2197 874 ut
2240 808 2356 875 fibi
2405 808 2638 869 urbem

495 908 766 971 tradant.
810 908 911 969 Illi
927 909 1100 971 enim
1115 907 1443 979 dixerant,
1480 927 1707 989 quum,
1739 923 1933 971 vento
1946 910 2146 972 borea
2160 910 2353 981 domo
2367 904 2637 991 profec-
2721 946 2722 955 η

411 1020 476 1095 5,,
498 1019 636 1079 tus,
721 1028 802 1068 eo
829 1003 1249 1092 pervenill'et‚
1337 1024 1483 1065 sese
1530 1002 1896 1067 dedituros:
1995 992 2068 1067 se
2112 1020 2325 1068 antem
2369 1004 2630 1067 domum

501 1102 881 1165 Chersonefi
924 1102 1185 1167 habere.
1275 1104 1471 1163 Cares
1492 1140 1508 1173 ,
1557 1098 1671 1183 qui
1712 1113 1846 1161 tum
1885 1105 2197 1165 Lemnum
2240 1102 2633 1173 incolebant,

501 1200 626 1261 etsi
653 1214 916 1285 praeter
947 1202 1326 1285 opinionem.
1346 1220 1453 1260 res
1485 1197 1825 1271 ceciderat,
1869 1212 2080 1261 tamen
2110 1222 2241 1261 non
2271 1201 2471 1273 dicto,
2518 1197 2636 1259 sed

499 1298 783 1383 secunda
835 1298 1096 1369 fortuna
1153 1294 1670 1359 adversariorum
1714 1295 1919 1380 capti,
1991 1294 2274 1360 refistere
2335 1295 2461 1358 anfi
2506 1316 2635 1355 non

501 1408 684 1469 sunt,
729 1408 918 1481 atque
967 1414 1044 1457 ex
1090 1388 1297 1457 insula
1342 1392 1836 1479 demigrarunt2
1860 1393 2013 1453 Pari
2042 1393 2355 1457 felicitate
2388 1408 2637 1463 ceteras

487 1490 741 1557 insulas
761 1536 779 1567 ,
825 1514 987 1577 quae
1021 1492 1326 1575 Cyclades
1356 1488 1800 1564 nominantur,
1862 1490 1979 1553 sub
2008 1490 2505 1555 Atheniensium
2532 1510 2639 1550 re·
2721 1468 2722 1485 Χ

497 1588 688 1673 degit.
715 1586 1104 1672 pot-estatem.
2126 1584 2137 1595 ⁸

497 1720 582 1773 tia
617 1700 948 1784 ventitaret,
979 1715 1026 1770 si
1059 1714 1224 1770 daret
1257 1717 1533 1792 Ghoragi·
1603 1716 1679 1788 ri.
1710 1720 1837 1773 Ver
1866 1730 1997 1774 atur
2027 1720 2230 1794 utique
2264 1720 2463 1775 animo
2498 1716 2640 1771 mihi

501 1806 620 1850 um,
641 1790 688 1843 si
713 1789 774 1842 in
794 1788 1138 1843 concionem
1155 1784 1447 1857 prodiret,
1478 1797 1537 1839 et
1600 1804 1723 1840 non
1742 1788 1814 1841 ab
1858 1788 2010 1843 milis
2030 1788 2151 1853 ejus
2166 1790 2331 1843 vocis
2350 1806 2510 1853 usus,
2542 1784 2638 1838 nili
2720 1816 2722 1829 1

501 1854 574 1910 de
605 1858 753 1930 Rep.
787 1854 1118 1913 consuleret
1131 1852 1532 1932 inpublicum.
1604 1854 1763 1924 quod
1799 1856 1858 1909 in
1886 1857 2171 1930 praesenti
2189 1874 2310 1909 non
2328 1852 2636 1909 succurrit.

420 1972 428 1983 ,
500 1926 760 1990 Privata,
801 1926 910 1978 live
933 1922 1227 1988 familiana
1249 1958 1265 1985 ,
1297 1937 1446 1993 quae
1480 1932 1538 1975 et
1606 1920 1833 2002 Suffiq't
1864 1922 2155 2000 indicass'e,
2190 1934 2255 1979 ut
2300 1924 2403 1977 alii
2441 1922 2639 1977 obscr-

501 2002 674 2047 mutua
690 2003 748 2046 et
777 1993 1051 2054 communia
1067 1987 1360 2055 dicuntur,
1392 1990 1427 2043 fi
1444 2008 1533 2043 ar·
1604 2002 1761 2047 vent.
1810 1993 1969 2045 Rave.

499 2061 660 2115 biter
677 2072 896 2133 captuS‚
941 2060 988 2114 si
1021 2056 1228 2111 adeffet
1245 2056 1306 2111 in
1323 2059 1536 2113 amieo·
1646 2060 1873 2112 Domum
1896 2056 2221 2129 Cherfhnff]¹
2235 2058 2499 2115 Consule
2518 2058 2641 2113 Cel.

504 2148 635 2183 rum
699 2129 980 2203 periculis
1042 2126 1408 2181 fortunarum
1468 2143 1536 2179 ac

499 2198 698 2271 praeci
744 2214 817 2251 ue
861 2195 1065 2269 capitis
1097 2204 1156 2247 et
1183 2192 1368 2249 famae
1386 2232 1403 2261 ‚
1466 2194 1538 2249 ad

503 2267 712 2338 sponsa
739 2266 816 2330 ia,
835 2264 1128 2339 exequias,
1149 2270 1212 2315 ut
1231 2263 1537 2317 Tertullia-

505 2352 611 2387 nus
627 2334 842 2388 alicubi
860 2334 1295 2405 interpretatur.
1324 2330 1541 2385 Eadem

503 2398 642 2456 sarie
670 2413 877 2458 auctor
909 2405 1098 2458 noster
1127 2400 1187 2454 in
1217 2400 1415 2454 Attico
1438 2398 1539 2454 ob-

315 2461 320 2468 *
397 2504 402 2512 ι
505 2472 778 2532 servavit.
817 2490 874 2525 V.
898 2475 983 2537 25,
1053 2473 1142 2538 94.
1185 2468 1408 2522 Ravius.

575 2535 883 2608 Constituta]
917 2541 1001 2594 Co
1047 2577 1063 2591 .
1081 2540 1146 2592 P.
1167 2540 1316 2590 Dan.
1334 2533 1362 2604 [
1381 2531 1543 2604 Gu.]

507 2616 564 2658 et
590 2605 755 2661 Leid.
789 2607 1070 2672 constituto.
1106 2604 1242 2657 item
1272 2603 1431 2659 Vols.
1464 2603 1537 2658 A.

506 2675 573 2728 (3³.
607 2676 724 2727 Pro
757 2678 896 2728 borea
925 2675 1082 2730 Voss'.
1118 2673 1187 2726 Β.
1227 2675 1411 2724 horrea.

595 2741 683 2794 Ex
730 2739 908 2812 paeto]
971 2741 1130 2799 Nihil
1171 2737 1535 2792 mutandumz

501 2827 636 2862 nam
691 2809 808 2865 uod
827 2828 892 2864 ex
910 2819 1027 2867 vet.
1047 2807 1248 2871 codice
1261 2806 1541 2882 producit

374 2891 404 2931 ς
503 2876 680 2950 (p.29.
741 2877 1012 2933 Schottus
1027 2895 1087 2930 ex
1113 2877 1378 2942 constituto
1400 2911 1419 2940 ,
1452 2873 1535 2929 in·

421 2947 424 2952 ’
495 2950 1014 3072 ζίτΧτειεηιειιῑιιὶη
1050 2963 1324 3026 agnosco.
1373 2943 1549 2999 Cice-⁴

641 3017 783 3071 ttico
803 3035 817 3068 ι
843 3018 1142 3086 Pompomus
1173 3016 1303 3065 enim
1326 3031 1388 3066 ex
1398 3021 1540 3082 pacto

495 3092 548 3136 et
577 3083 818 3138 convento*
833 3084 971 3149 (mam
995 3105 1048 3144 ea
1062 3086 1164 3150 lege
1181 3080 1393 3148 exierat)
1426 3083 1541 3144 jam

494 3171 530 3205 a
559 3171 631 3206 me
661 3153 789 3216 disce
827 3161 952 3206 erat.
993 3149 1355 3208 Gebhardus.

561 3223 740 3275 Urbem
840 3221 1028 3277 Urbes
1079 3231 1199 3274 tum
1231 3221 1289 3274 in
1315 3219 1536 3272 Lemno

540 3289 846 3362 raecipuae
863 3291 1113 3354 erant,M
1149 3288 1278 3342 rina
1294 3285 1537 3358 etEphe-

493 3397 497 3402 ,
543 3359 647 3426 ias,
672 3359 832 3412 velut
859 3369 1065 3414 auctor
1095 3307 1303 3413 ἕιιίᾶαε
1321 3353 1415 3408 est.
1458 3354 1533 3408 U-

425 3461 429 3470 ·
495 3437 648 3480 tram
705 3427 1056 3492 ostulaverit‚
1092 3426 1308 3480 nescio.
1341 3420 1532 3476 Video

497 3495 632 3568 equi
678 3511 767 3547 em
824 3504 1008 3549 totam
1074 3493 1237 3550 fuiss'e
1290 3489 1535 3566 petitam

497 3563 745 3616 insulam
763 3600 778 3626 ‚
815 3573 1159 3634 veteresque
1178 3561 1419 3615 seffores
1438 3557 1533 3612 de-

495 3631 758 3704 migrasse
773 3647 992 3685 omnes.
1030 3631 1399 3703 lutet-pretor
1430 3627 1535 3700 igi-

495 3710 615 3764 tur,
658 3701 811 3754 Urbis
857 3699 1250 3771 appellatione
1308 3697 1536 3760 Insulam

495 3768 724 3841 venire,
755 3768 892 3841 quia
907 3768 1074 3831 mari,
1091 3777 1363 3840 tanquam
1381 3780 1537 3820 moe.

497 3838 671 3893 nibus
689 3835 897 3899 clausa,
935 3837 1087 3889 Urbis
1109 3839 1330 3900 figuram
1351 3843 1534 3907 gerat.

499 3904 993 3981 Quemadmodum
1033 3906 1188 3958 enim
1216 3913 1274 3956 et
1306 3900 1533 3970 domos,

497 3975 765 4030 minimas
783 3985 982 4048 partes
996 3974 1160 4027 urbis
1177 4008 1194 4035 ,
1229 3986 1378 4045 quae·
1400 3989 1533 4024 eon-

501 4043 694 4114 tiguae
709 4062 827 4097 non
845 4053 994 4105 sunt,
1012 4041 1214 4105 Insulas
1231 4039 1535 4095 nominare

500 4111 721 4184 placuit
739 4131 756 4177 3
793 4113 874 4164 ita
891 4109 1144 4174 videtur,
1161 4107 1536 4180 metaphorae

497 4179 744 4248 quadam
765 4179 1438 4252 rec'iprocatione‚totam
1452 4178 1536 4230 in.

497 4247 706 4309 culam,
725 4246 1304 4325 Urbisappellatione
1322 4243 1535 4306 indica-

1375 4491 1417 4508 N

1602 2128 1983 2189 Perizon.1ad
2014 2128 2235 2183 Sanctii
2252 2126 2515 2183 Minerv.
2535 2126 2639 2180 lib.
2721 2132 2722 2137 ’

1603 2204 1657 2270 4.
1709 2214 1841 2270 cap.
1866 2200 1931 2253 6.
1964 2216 2022 2249 n.
2058 2198 2111 2253 3.

1693 2262 1870 2333 Cares]
1920 2266 2045 2319 Imo
2072 2264 2320 2337 Pelasgi,
2372 2274 2445 2317 ut
2469 2262 2645 2319 tradit

1606 2332 1941 2391 Herodotus
1973 2332 2080 2386 lib.
2113 2351 2199 2387 νει.
2236 2350 2357 2385 non
2373 2330 2643 2406 longeah

1612 2415 1888 2460 extremo.
1910 2403 2147 2458 Lambin.
2191 2398 2355 2456 Adde
2391 2400 2643 2454 Zenobi-

1609 2491 1728 2527 um.
1765 2473 1929 2526 Ceut.
1960 2471 2015 2526 3.
2048 2469 2335 2542 proverb.
2372 2487 2540 2536 num.
2554 2470 2641 2525 85.

1614 2538 1804 2608 Bofius.
1866 2540 1984 2594 Pro
2036 2547 2175 2592 cares
2212 2537 2276 2592 C.
2313 2539 2555 2590 P.Dan.
2590 2546 2647 2590 et

1608 2608 1764 2666 Voss'.
1784 2609 1853 2660 B.
1876 2607 2069 2660 Chares.
2090 2603 2275 2675 [eod.
2298 2607 2417 2660 Gn.
2450 2606 2641 2659 Chares.

1606 2675 1881 2732 Ed.U1t1-.
1924 2675 2066 2730 Cares
2085 2711 2103 2738 ,
2157 2683 2215 2726 et
2242 2673 2309 2728 in
2343 2673 2647 2748 margine:

1662 2744 1883 2798 erodotus
1925 2743 1979 2798 in
2008 2743 2189 2806 Eratq.
2212 2739 2463 2808 Pelasgos
2498 2747 2649 2800 vocat

1656 2815 1787 2868 emni
1808 2807 2063 2880 incolas.]
2200 2873 2203 2876 ⁴
2580 2867 2585 2872 ,

1662 2881 1872 2936 Praeter
1886 2895 1963 2950 op.
1991 2896 2068 2932 res
2086 2873 2364 2945 ceciderat]
2396 2877 2445 2932 i.
2468 2895 2521 2932 e.
2544 2887 2653 2930 eve-

1607 2960 1763 3004 nerat.
1794 2951 1909 3004 Per
1924 2946 2320 3021 metaphoram
2340 2942 2377 2999 a'
2390 2947 2649 3000 talorum

1605 3019 1761 3087 jactu
1791 3015 1989 3072 desum
2032 3027 2168 3070 tam.
2216 3034 2273 3068 v.
2310 3015 2546 3068 Manut.
2580 3011 2649 3066 ad

1608 3085 1859 3142 cic.1ih.
1886 3105 1935 3140 ι.
1954 3103 1985 3137 a
2044 3087 2202 3137 Fam.
2220 3083 2265 3136 E
2314 3121 2329 3134 .
2347 3099 2404 3151 7.
2424 3084 2575 3156 1143.
2596 3092 2651 3134 et

1604 3153 1897 3210 Brouckh.
1929 3153 2003 3208 ad
2018 3151 2236 3208 Tibull.
2293 3150 2379 3204 ih.
2408 3170 2462 3204 1.
2486 3151 2577 3204 El.
2593 3167 2645 3218 7.

1605 3241 1693 3278 vs.
1769 3241 1815 3276 1.
1908 3275 1911 3280 .

1658 3241 1784 3346 No9n
1808 3285 1981 3357 dae'cto]
2010 3290 2155 3342 Tum
2174 3286 2313 3359 quia
2325 3287 2538 3360 pactio
2568 3303 2649 3340 se-

1605 3361 1694 3413 ria
1726 3377 1846 3414 non
1876 3357 2094 3422 sufflet,
2157 3366 2279 3409 tum
2300 3390 2318 3420 ,
2375 3354 2551 3428 quod
2582 3353 2649 3408 de

1600 3427 1883 3484 Miltiadis
1921 3425 2094 3480 domo
2126 3424 2259 3490 illa,
2312 3441 2503 3495 quam
2534 3434 2649 3478 tum

1598 3497 1886 3562 habehat,
1912 3513 2033 3550 non
2066 3510 2239 3566 quam
2254 3490 2438 3546 armis
2457 3493 2653 3566 postea

1604 3563 1941 3638 quaesierat,
1974 3557 2437 3636 spopondiss'ent.
2487 3561 2647 3614 Rave.
2721 3629 2722 3632 Ἴ

1693 3636 1793 3703 Sub
1824 3631 2105 3702 potestatem
2138 3623 2369 3694 redegit]
2426 3629 2651 3684 Eodem

1604 3701 1782 3758 modo
1800 3702 2003 3774 paullo
2032 3697 2301 3771 superius
2321 3695 2396 3750 de
2426 3698 2651 3750 Lemno

1603 3771 1978 3847 loquebatur.
2025 3764 2306 3822 Pausania
2324 3785 2340 3818 ε
2390 3765 2477 3817 Et
2508 3771 2655 3836 Spar-

1606 3849 1711 3895 tam
1736 3849 1785 3892 et
1818 3847 2057 3897 caeteram
2096 3833 2357 3891 Graeciam
2384 3835 2485 3884 sub
2520 3845 2653 3887 tuam

1597 3909 1877 3982 patestatem
1907 3904 2238 3960 redacturum.
2284 3903 2506 3974 Neque
2543 3901 2653 3956 dis-

1602 3977 1732 4053 pari
1777 3976 1968 4033 forma
1999 3971 2337 4028 Timotheo.
2387 3979 2656 4040 corcyram

1590 4049 1690 4112 sub
1718 4046 1979 4116 imperium
2014 4037 2379 4106 Athenierffiam
2432 4040 2651 4105 redegit.

1602 4117 1813 4170 Florus
1844 4112 1953 4168 lib.
1976 4131 2023 4166 1.
2044 4127 2171 4182 cap.
2190 4127 2245 4178 9.
2266 4111 2335 4163 F.
2377 4109 2654 4164 Proximis
2721 4147 2722 4182 3

1575 4184 1579 4191 ”
1600 4185 1801 4253 quisque
1814 4186 2051 4248 correptis
2066 4187 2219 4230 totam
2239 4177 2475 4232 Italiam
2492 4175 2656 4240 subse
2721 4183 2722 4236 ζ

1602 4243 2659 4330 redigeret.Gebh.l.ei31.redigit.(p.3o)
2721 4261 2722 4266 ’
