2763 4797
397 248 540 368 xcix
719 361 845 383 ¹,
1035 293 1963 362 TESTIMONIA.
2056 303 2190 390 „t”

293 535 300 543 ·
401 535 548 576 rum
585 529 895 575 annorum
939 505 1352 583 memoriam,
1398 527 1635 592 resque
1684 506 1884 592 gestas
1914 509 2205 570 virorum
2234 509 2423 572 domi
2460 511 2584 571 mi-

403 619 711 704 litiaeque
753 616 1088 680 illustrium
1128 615 1426 678 breviter
1469 615 1831 698 colligavit,
1880 615 2098 689 Plinio
2136 613 2387 677 minori
2425 616 2588 696 (cui

387 724 631 794 Aldus
667 723 990 796 Manutius
1055 719 1519 804 adscripscrat)
1601 721 1910 795 ablatum,
1982 723 2222 805 Nepoti
2262 722 2591 784 Cornelio

405 831 756 893 multorum
803 827 1100 910 ingratiis
1145 825 1609 910 inscripserunt
1628 831 1660 899 ‚*
1709 840 1774 888 et
1824 848 1904 888 ex
1954 827 2233 890 Caecilia
2270 840 2483 912 gente
2514 827 2592 906 ,in

409 913 812 1007 Corneliam,
859 933 1120 995 obtorto
1171 933 1376 1005 collo,
1422 932 1561 994 Itali
1598 931 1854 1015 quidam
1894 930 2195 1020 censores
2220 975 2237 1006 ,
2292 934 2593 995 Hermo-

409 1043 551 1105 laus
572 1101 575 1108 ,
594 1041 920 1103 Barbarus
940 1083 968 1116 2
1011 1041 1244 1102 'Janus
1298 1037 1669 1100 Parrhafius
1688 1021 1741 1113 ,²
1780 1041 2165 1124 Catellianus
2218 1041 2416 1102 Cotta
2446 1084 2463 1114 ,
2529 1051 2596 1100 et

343 1192 346 1206 .
407 1149 796 1212 Dominicus
816 1145 1220 1208 -Machaneus
1245 1187 1264 1218 ‚
1311 1145 1551 1228 aliique
1580 1145 2025 1207 traduxerunt:
2106 1146 2239 1208 Sed
2278 1147 2593 1210 neutrius

412 1254 574 1316 mihi
613 1253 828 1316 videri
848 1297 872 1338 ,Χ
911 1251 1250 1314 admodum
1289 1251 1670 1313 adolescens
1700 1251 1893 1312 docui
1924 1251 2221 1336 fingulari
2251 1273 2501 1314 comm.
2526 1253 2595 1312 in

412 1381 562 1422 eum
595 1373 925 1421 auctorem
960 1359 1202 1440 Duaci,
1248 1371 1314 1420 et
1343 1359 1639 1426 Lutetiae
1666 1357 1877 1420 editoz
1922 1350 2096 1421 et'ex
2110 1372 2417 1420 veterum
2432 1360 2591 1420 libr.

413 1463 544 1528 fide
576 1466 1026 1547 rationumque
1057 1467 1569 1534 momentis-Sex„
1608 1464 1833 1527 Aurelio
1875 1467 2084 1524 Victori
2097 1463 2239 1545 jure
2268 1461 2592 1548 postlimi-

412 1570 510 1633 nii
555 1569 996 1632 reddidimus-z
1043 1569 1222 1650 cujus
1271 1587 1337 1634 et
1390 1571 1715 1633 historiam
1754 1570 2096 1654 Augu-stam
2141 1586 2287 1636 ante
2332 1590 2447 1634 me
2474 1594 2589 1634 na-

413 1679 936 1760 tum'nusquam,
983 1675 1159 1760 quod
1191 1675 1495 1760 equidem
1535 1676 1726 1759 sciam
1746 1719 1762 1751 ,
1808 1677 1977 1760 typis
2008 1679 2331 1761 vulgatam
2351 1722 2368 1753 ‚
2422 1679 2588 1741 Ant-

414 1782 681 1865 verpiae
713 1780 908 1864 primi
951 1779 1296 1842 edidimuS.
1384 1783 1601 1877 Quare
1652 1797 1724 1844 ut
1771 1783 1881 1843 illa
1923 1783 2204 1850 Aemilio
2262 1784 2586 1870 adscripta

414 1888 698 1972 Nepotis
724 1887 850 1950 effe
885 1896 1108 1966 γνήσια
1135 1891 1517 1972 pronuntio,
1577 1889 1667 1951 ita
1691 1892 1873 1953 viros
1906 1887 2183 1950 illustres
2218 1891 2439 1952 eidem
2476 1893 2588 1953 ab-

415 1994 658 2078 judicO.
743 1991 877 2057 Sed
907 1992 1050 2057 sunt
1075 2007 1143 2061 et
1161 1992 1294 2076 ¹'alia
1333 1994 1577 2078 spuria,
1625 2010 1692 2060 et
1732 1996 2037 2058 Cornelio
2058 1996 2345 2080 indigna.
2390 2001 2587 2060 Dare-

355 2123 375 2142 *
418 2106 495 2164 tis
521 2101 694 2162 enim
725 2099 960 2181 Phrygii
991 2099 1448 2160 circumfertur
1488 2102 1555 2161 de
1583 2101 1721 2161 bello
1769 2101 2043 2184 Trojano,
2091 2105 2196 2164 cui
2219 2105 2587 2170 interfuisse

419 2208 660 2270 dicitur
688 2249 705 2279 ,
748 2203 1045 2279 historia,
1092 2227 1279 2288 quam
1324 2207 1533 2290 Raph.
1580 2202 2045 2273 Volaterranus
2089 2231 2203 2271 sex
2229 2213 2587 2275 carminum

416 2316 608 2378 libris
649 2313 810 2401 (qui
841 2324 908 2375 et
955 2330 1098 2371 cum
1129 2311 1324 2393 Dicty
1353 2310 1653 2376 Cretensi
1689 2315 1884 2396 vulgo
1913 2315 2259 2400 leguntur)
2306 2339 2586 2384 conver-

418 2422 560 2484 tiss'e
596 2426 925 2505 Nepotem·
951 2417 1266 2496 tradidit3
1353 2421 1586 2505 quibus
1634 2434 1701 2481 et
1764 2420 1954 2506 prosa
1998 2424 2291 2486 oratione
2333 2433 2589 2488 narratio

419 2530 620 2589 excidii
655 2528 855 2607 Trojae
904 2524 1388 2607 praemittitur}
1428 2548 1615 2609 quam
1659 2541 1724 2589 et
1760 2527 1893 2611 ipse
1926 2528 2006 2588 in.
2027 2530 2359 2591 veteribus
2395 2532 2589 2595 libris

421 2634 616 2695 etiam
666 2634 790 2695 soli
838 2629 1092 2691 Cornelio
1124 2630 1376 2690 cuidam
1407 2631 1775 2715 inscriptam
1811 2634 1969 2697 vidi‘.
2036 2635 2237 2699 Stilus
2278 2636 2425 2699 sane
2456 2660 2590 2700 non

421 2736 512 2801 est
537 2757 768 2799 aureae
807 2736 984 2799 illius
1023 2736 1270 2809 aetatis,
1315 2735 1555 2798 nedum
1583 2740 1895 2813 Cornelii,
1930 2740 2119 2820 cujus
2154 2742 2587 2827 eloquentiam

417 2842 674 2905 Tullius
695 2885 712 2915 ,
758 2845 1194 2905 Romanorum
1231 2843 1711 2919 disertirfimus,
1760 2847 2050 2921 laudarit,
2084 2869 2295 2934 eoque
2324 2852 2585 2915 nomine

417 2946 800 3011 carissimum
841 2948 1160 3011 hahuerit.
1247 2950 1460 3011 Fuiffe
1509 2952 1771 3036 quidem
1810 2955 2119 3017 Homero
2153 2942 2585 3040 antiquiorem

349 3129 356 3138 Ι
420 3055 807 3141 scriptorem
847 3055 1148 3128 Dare-tem,
1194 3054 1451 3117 Aeliani
1484 3059 1900 3132 auctoritate.
1946 3075 2012 3123 et
2055 3063 2141 3123 D.
2182 3062 2404 3128 Ifidori
2454 3087 2586 3127 non

413 3160 705 3225 infitior:
753 3160 869 3223 sed
897 3161 1090 3223 hicne
1134 3162 1305 3223 liber
1339 3162 1453 3224 ille
1488 3164 1606 3238 sit,
1674 3166 1785 3249 qui
1822 3166 1902 3228 ad
1936 3167 2193 3230 Aeliani
2236 3191 2443 3255 usque
2480 3193 2585 3234 ae-

419 3283 616 3331 tatem
659 3268 913 3330 duravit
931 3309 948 3341 ,
993 3268 1419 3331 vehementer
1462 3270 1708 3333 dubim.
1796 3275 1907 3337 Sic
1948 3296 2108 3338 vero
2156 3276 2269 3337 illa
2304 3276 2461 3338 libr.
2490 3300 2585 3338 ιι.

417 3376 635 3440 variae
664 3372 884 3435 histor.
915 3382 1047 3443 ’Τὸν
1081 3387 1301 3458 Φρύγα
1346 3389 1412 3442 δὲ
1453 3388 1744 3460 Δάρητος,
1799 3386 1870 3449 οὗ
1911 3396 2189 3469 Φρυγίαν
2231 3399 2446 3457 ἰλιάὸα
2502 3401 2589 3457 ἔτι

417 3484 524 3537 καὶ
550 3486 655 3536 νῦν
686 3478 1160 3548 ἀποσωὲομένην
1198 3476 1372 3549 οἶδα,
1414 3487 1535 3556 πρὸ
1566 3488 1786 3560 Ὀμήρυ
1826 3498 1931 3548 καὶ
1962 3500 2134 3551 τῦτον
2165 3498 2453 3569 γενέσθαι
2486 3498 2585 3555 λέ·

425 3594 584 3655 φασι.
727 3570 1018 3636 Sallustio
1069 3573 1138 3641 id
1191 3596 1354 3658 opus
1392 3576 1675 3669 pothum
1722 3598 1789 3647 et
1838 3586 2248 3671 illegitim‘um
2289 3591 2583 3655 falsarius

421 3679 574 3751 illa,
620 3678 918 3763 quisquis
953 3680 1012 3742 is
1059 3679 1182 3755 est,
1207 3682 1374 3767 lege
1420 3689 1753 3766 Cornelia,
1800 3695 1857 3755 si
1892 3694 2435 3779 deprehendatur,
2462 3720 2584 3781 pu-

420 3780 699 3887 niendus
721 3828 740 3859 ‚
785 3784 1120 3871 inscripsit.
1185 3764 1398 3883 Quem
1432 3794 1696 3877 quidem
1728 3798 2041 3884 Crispum,
2075 3806 2264 3866 Rom.
2284 3804 2583 3868 historiae

425 3876 793 3974 principem
812 3936 828 3965 ,
901 3893 1090 3957 initio
1141 3893 1346 3959 statim
1391 3899 1621 3965 rustice
1676 3919 1743 3966 et
1798 3906 2021 3991 inepte
2070 3911 2392 3995 appellat‘.
2458 3914 2584 3987 Cui,

423 3996 641 4082 inquit
660 4041 679 4074 ,
723 3998 860 4059 nihil
873 4001 1256 4079 adiiciendum,
1296 4025 1395 4065 aut
1424 4008 1852 4086 diminuendam,
1883 4020 1965 4075 rei
1974 4016 2081 4098 fo‘r
2082 4018 2364 4078 midandae
2398 4018 2587 4096 (fort

412 4102 776 4191 formandae)
806 4104 980 4189 cauffit
987 4114 1209 4193 putavi,
1245 4108 1485 4195 alioquin
1516 4136 1687 4179 meum
1707 4116 1807 4197 effe
1834 4118 2001 4203 poffit
2028 4120 2292 4186 dubitari.
2338 4127 2584 4191 Verum
