2763 4797
489 298 728 389 408,-

489 506 698 569 fuerat
767 529 918 591 erga
968 510 1451 585 'Athenienses,

491 610 636 671 simi
694 614 976 678 solerent
1031 637 1174 677 esse
1231 617 1463 689 amici,

327 772 332 777 .
410 712 450 776 3
490 719 640 781 mici
663 762 680 793 ,
779 740 917 783 eam
969 735 1344 805 pervertere
1416 723 1799 807 concupivit.

491 1048 741 1109 diversis
757 1050 944 1109 ‘tellus
979 1054 1280 1111 animalia
1292 1039 1516 1129 forniis

495 1119 541 1175 S
587 1130 722 1176 onte
749 1140 859 1177 sua
891 1125 1132 1194 peperit.
1167 1124 1366 1177 Eidem
1394 1126 1515 1180 sato

491 1206 527 1241 ο
573 1191 803 1242 noxium
844 1190 955 1243 fuit
1021 1192 1262 1244 verbum
1314 1206 1513 1249 ascen·

491 1257 659 1317 dere,
697 1256 856 1331 quod
879 1255 1073 1311 summi
1104 1261 1391 1314 Gronovii
1420 1278 1518 1315 ve-

489 1325 663 1397 stigiis
697 1326 994 1379 infistentes
1024 1326 1225 1381 Critici
1248 1344 1314 1381 ex
1333 1328 1513 1383 omni·

488 1392 598 1445 bus
650 1392 1000 1447 editionibus
1056 1393 1383 1461 ejecerunt,
1460 1405 1517 1450 et

488 1476 602 1532 pro
649 1476 720 1514 eo
761 1459 1071 1517 escendere
1113 1463 1513 1535 reposuerunt,

487 1526 573 1580 uti
623 1528 794 1580 etiam
841 1526 1213 1601 Heuflngerus
1265 1529 1336 1583 ad
1365 1530 1514 1585 The-

488 1593 725 1649 mistocl.
774 1612 901 1667 cap.
937 1596 990 1649 8.
1042 1594 1174 1649 vide
1216 1596 1300 1650 ibi
1347 1607 1515 1652 notas

489 1678 660 1715 meas.
697 1663 840 1733 [Ax.
885 1664 1085 1719 Victor
1115 1682 1246 1720 cam
1276 1684 1354 1721 ex
1370 1665 1519 1721 Asia

492 1746 607 1784 rev.
663 1732 729 1783 In
746 1728 948 1783 eodem
964 1730 1092 1785 cod.
1108 1742 1171 1785 ut
1197 1732 1256 1785 in
1275 1734 1385 1787 Gu.
1407 1730 1512 1788 Ed.

489 1797 964 1871 Ul't.reliquisque
981 1799 1409 1871 antiquioribus
1426 1800 1515 1856 ‹ii-

489 1863 755 1924 vertz'sset
799 1866 1044 1937 legitur,
1087 1866 1244 1939 quod
1279 1878 1439 1923 reete
1483 1884 1518 1921 a

488 1932 1073 1989 Lambinomutatum
1104 1930 1239 2005 est.]

477 2077 482 2081 “
561 2058 826 2124 Proinde
850 2086 921 2125 ac
950 2068 1007 2123 si
1035 2067 1219 2125 iider‘n
1253 2068 1392 2139 eth]
1419 2059 1520 2127 Ses-

382 2191 392 2199 ,
487 2147 656 2193 cutus
685 2126 814 2189 {um
862 2136 999 2191 edit.
1029 2138 1422 2192 Florentinam
1462 2149 1519 2192 et

493 2204 690 2261 Aldiu.
738 2217 963 2259 ceterae
1005 2206 1158 2258 enim
1209 2204 1429 2279 [Long.
1462 2216 1521 2260 et

489 2266 690 2346 Mag.]
720 2274 934 2327 habent
963 2276 1286 2328 contrarie:
1323 2275 1518 2347 perin-

428 2384 434 2402 .
493 2342 567 2397 de
600 2360 670 2397 ac
705 2342 759 2397 si
789 2341 973 2397 iidem
993 2338 1049 2413 f.
1092 2338 1196 2400 sol.
1242 2359 1366 2398 esse
1402 2344 1518 2397 ini·

491 2411 635 2468 mici
665 2444 682 2474 ‚
753 2413 852 2498 qui
896 2417 1235 2469 constantes
1250 2409 1525 2534 ¹fuissent

493 2479 696 2534 amici.
734 2482 817 2534 Ex
854 2477 1112 2550 Thucyd.
1145 2481 1199 2536 8.
1274 2481 1388 2534 icet
1432 2481 1521 2532 in-

491 2547 754 2620 telligere
784 2584 800 2611 ,
879 2547 1150 2614 Thasios,
1218 2557 1523 2620 antequam

491 2624 709 2670 tantam
769 2613 938 2667 fidem
1011 2615 1072 2667 in
1147 2615 1523 2670 Athenienses

493 2683 593 2756 (13.
634 2681 782 2750 ιφ.)
847 2681 1279 2764 praestitiss‘ent,
1323 2698 1525 2735 eorum

493 2749 656 2804 fuiss'e
702 2747 1005 2815 inimicos,
1055 2757 1112 2802 et
1141 2748 1524 2802 Lacedaemo-

493 2819 726 2870 niorum
787 2818 977 2872 socios
1047 2826 1216 2890 atque
1285 2817 1522 2870 amicos.

493 2886 657 2940 Nunc
690 2879 886 2957 igitur,
927 2883 1062 2958 (ruia
1093 2883 1526 2940 Athenienfihus

496 2971 598 3008 eos
624 2953 782 3008 videt
813 2954 1030 3007 amieos
1072 2953 1178 3007 ess‘e
1209 2953 1393 3006 factos
1422 2951 1524 3022 Ly-

493 3019 738 3088 sander,
775 3030 831 3075 et
869 3021 926 3075 in
962 3021 1069 3075 hac
1113 3021 1363 3076 amicitia
1394 3025 1526 3092 'per-
1561 3035 1570 3043 ‘⁴

498 3105 794 3144 mansuros
838 3087 1088 3157 judicat,
1142 3106 1242 3144 eos
1282 3104 1525 3162 perver-

494 3169 622 3209 tere
664 3157 840 3232 eupit.
893 3158 1162 3231 congruit
1201 3175 1328 3210 cum
1368 3154 1526 3210 Thu-

500 3223 703 3296 cydide
717 3263 733 3288 ‚
773 3235 830 3278 et
845 3225 1143 3279 confirmat
1165 3225 1312 3280 hauc
1326 3223 1527 3277 lectio·

499 3309 630 3344 nem
660 3293 752 3359 id,
792 3291 948 3366 quod
981 3294 1054 3346 est
1079 3311 1176 3367 ap,
1208 3289 1525 3349 Demosth.

509 3359 680 3415 Orat.
714 3359 795 3416 ad
825 3361 1174 3434 Leptinem:
1235 3361 1387 3415 Τῦτο
1428 3360 1532 3421 μὲν

403 3481 410 3486 .
499 3432 696 3483 τοίνυν
716 3429 936 3483 &acrius
955 3430 1050 3483 τὲς
1067 3429 1182 3496 μετ’
1209 3429 1528 3496 Ἐκφάντυ,

504 3501 624 3549 πῶς
653 3497 720 3549 ἐκ
757 3496 1110 3563 ἀδικήσατε,
1151 3497 1255 3552 ἐὰν
1298 3495 1531 3565 ἀφέλη-

505 3563 613 3617 <5³2
641 3563 744 3629 τήν
785 3564 1061 3620 ἀτέλειαν
1075 3585 1094 3633 3
1133 3571 1192 3618 οἱ
1230 3563 1530 3636 παραδόν-

503 3647 590 3685 τες
622 3630 759 3694 ὑμῖν
783 3631 1027 3694 Θάσον,
1075 3638 1178 3687 καὶ
1206 3633 1313 3699 τήν
1345 3633 1530 3686 Acme·

506 3701 823 3758 δαιμονίων
869 3701 1107 3770 φρυρὰν
1167 3701 1288 3766 μεθ’
1330 3695 1535 3754 ὅπλων

507 3767 856 3834 ἐκβαλόντες
885 3803 904 3835 ,
981 3767 1082 3823 καὶ
1131 3767 1536 3840 Θρασύβυλον

403 3835 422 3854 ⁸
507 3839 958 3909 eio'ayayo'vv&‚
991 3836 1095 3891 καὶ
1124 3835 1537 3907 παρασχόντα

509 3907 696 3992 φξληιι
729 3903 865 3970 ὑμῖν
894 3903 999 3968 τήν
1027 3905 1218 3961 ἀυτῶν
1254 3904 1535 4024 πάτρίῖιίδα,

510 3991 628 4096 ‘2¹32‘
635 3987 790 4112 2.ρῖ
793 3971 1166 4108 “9122‘325?
1163 3983 1451 4102 nofflv'ffi„
1472 3991 1539 4094 ’ἲῖ

513 4108 771 4176 γένοντο.
820 4107 1169 4166 Lambinus.
1231 4101 1381 4180 [Gu.
1444 4127 1537 4164 ro-

515 4172 654 4234 inde
673 4215 692 4244 ‚
725 4188 792 4232 ut
819 4179 1127 4236 Lambinus
1153 4186 1310 4234 recte
1340 4125 1519 4232 ecili'dit

941 312 1536 415 CORNELII
1614 314 2147 378 NEPOTIS

1549 510 1821 594 proinde
1878 531 1950 574 ac
2007 512 2064 573 si
2112 509 2317 573 iidem
2372 508 2583 571 firmis-

1561 618 1670 700 qui
1724 630 2085 680 constantes
2142 616 2416 677 fuissent
2476 616 2585 675 ini-
2679 684 2685 711 Ι

1911 720 2093 791 Vidit
2156 735 2395 795 autem,
2475 720 2586 781 nisi

2425 824 2492 885 iu
2518 844 2587 887 eo
2681 834 2687 880 's

1790 944 1811 991 i

1547 1060 1559 1073 '
1582 1056 1697 1113 ult.
1728 1054 1983 1138 ,perinde
2025 1072 2099 1112 ac
2141 1053 2232 1119 si,
2280 1062 2340 1106 et
2370 1051 2427 1104 in
2460 1066 2586 1103 mar·
2686 1122 2688 1133 Ι

1582 1125 1745 1198 gine:
1788 1124 1939 1179 Fort-
1980 1140 2053 1180 ac
2081 1125 2133 1179 si
2164 1118 2345 1189 non-J

1654 1192 1728 1247 Si
1764 1190 1985 1257 iidem]

2041 1194 2152 1271 Qui
2192 1188 2266 1243 ad
2307 1205 2466 1243 oram
2509 1184 2591 1239 Ul·

1578 1261 1802 1326 traiect.
1824 1260 2095 1313 editionis
2126 1257 2488 1330 negationem
2520 1253 2592 1305 in·
2688 1262 2690 1303 ξ

1584 1327 1883 1403 serendam
1912 1326 2024 1382 sibi
2064 1326 2255 1382 videri
2292 1330 2591 1385 annotarat,

1582 1406 1828 1448 mentem
1858 1396 1975 1448 non
2014 1394 2311 1469 percepit,
2352 1406 2496 1463 quae
2527 1399 2591 1440 ta·
2691 1402 2692 1407 ¹

1582 1462 1655 1516 lis
1708 1464 1811 1517 est:
1880 1462 1993 1542 Qui
2044 1461 2416 1516 constantiam
2458 1468 2595 1511 suam

1583 1529 1704 1585 odii
1766 1542 1938 1603 atque
1996 1528 2433 1583 inimicitiarum
2480 1535 2595 1577 tem·
2693 1537 2694 1565 z

1582 1616 1729 1671 pore
1749 1598 1808 1653 in
1820 1596 1999 1653 hostes
2022 1590 2594 1657 dec'lararunt‚iidem‚

1586 1684 1713 1719 eum
1744 1666 1962 1721 fuerint
2002 1663 2073 1718 ad
2120 1664 2395 1717 adversas
2426 1670 2595 1735 partes
2694 1707 2696 1721 ⁴

1584 1732 1869 1800 traducti,
1904 1750 2105 1805 parem
2130 1730 2299 1785 fidem
2334 1730 2397 1782 iaen
2426 1743 2596 1785 amore

1586 1806 2064 1874 atque.societate
2082 1810 2322 1854 tuentur
2343 1806 2509 1869 atque
2526 1811 2597 1847 ex·

1586 1881 1801 1924 serunt.
1852 1874 1979 1950 Qua
2018 1868 2302 1943 opinione
2332 1866 2409 1917 est
2444 1878 2598 1937 supra

1584 1937 2009 2001 Themistocles,
2047 1957 2097 1991 2.
2170 1973 2186 1988 .
2218 1941 2271 1997 4.
2313 1934 2496 2005 estque
2528 1949 2599 1983 ex-

1586 2006 1775 2079 emplo
1810 2006 2031 2061 Marius
2064 2006 2143 2061 ce
2168 2020 2263 2057 sus
2309 2018 2339 2053 a
2388 1996 2462 2053 ud
2510 1998 2596 2052 Ta·
2699 2049 2700 2053 ,

1586 2076 1767 2130 citam
1812 2071 1966 2129 Hist.
2016 2094 2071 2137 ι,
2124 2089 2213 2139 7ι.
2261 2071 2347 2123 Ge
2394 2066 2599 2121 hardus.

1586 2140 1917 2196 Alcibiades
1951 2138 2106 2217 apud
2148 2134 2542 2219 Thucydidem
2564 2134 2596 2185 l.

1588 2214 1638 2267 6.
1686 2210 1788 2275 ait,
1823 2226 1972 2275 eum,
2016 2209 2141 2281 qui,
2177 2224 2305 2259 cum
2326 2206 2492 2261 hostis
2522 2202 2595 2281 est.

1588 2278 1827 2331 multum
1856 2288 2031 2331 nocet
2054 2312 2071 2340 ‚
2109 2272 2399 2357 ‘prodess'e
2449 2273 2604 2345 piun-

1588 2362 1761 2412 mum‚
1800 2346 1846 2401 si
1887 2346 1985 2398 fiat
2015 2362 2249 2406 amicus.
2305 2344 2520 2396 Seneca
2546 2336 2601 2389 de
2703 2407 2704 2418 ἶ

1588 2417 1681 2472 lra
1710 2434 1761 2477 ω,
1783 2416 1881 2476 3-‘02
1924 2414 2087 2490 Quos
2113 2409 2370 2483 popalus
2406 2410 2599 2465 Roma-

1590 2481 2021 2546 nasficleliores
2036 2481 2116 2536 Ιια
2123 2479 2216 2535 bet
2233 2481 2604 2550 socios‚quam

1591 2569 1730 2625 quos
1756 2550 1968 2606 habuit
1984 2548 2501 2624 pertinacissimos
2518 2544 2602 2598 ho·

1592 2618 1755 2674 stes?
1791 2620 2131 2672 Loccenius.
2187 2617 2344 2670 Voss'.
2365 2617 2434 2668 B.
2460 2606 2603 2684 [Gn]

1592 2687 1769 2742 idem.
1818 2705 1931 2759 pro
2000 2684 2269 2740 Thasum
2325 2684 2482 2737 Voss'.
2548 2680 2600 2732 A.

1602 2757 1897 2812 Thassum
1914 2773 1937 2824 ‚⁰
1968 2773 2079 2827 pro
2116 2771 2251 2808 eam
2280 2756 2603 2823 pervertere,

1592 2829 1915 2898 pervertere
1960 2841 2093 2877 eam
2108 2840 2131 2890 ,⁰
2182 2837 2299 2892 pro
2342 2818 2605 2888 futurum

1594 2907 1791 2946 omnes
1805 2900 1923 2944 tres
1938 2889 2182 2945 Voffiani
2206 2885 2505 2956 futuram,
2526 2879 2606 2938 sed

1595 2960 1655 3012 in
1670 2957 1827 3016 Voss'.
1856 2967 2047 3012 tamen
2074 2957 2140 3010 A.
2154 2952 2437 3026 satarum
2453 2967 2607 3024 supra

1594 3037 1851 3081 notatum
1902 3035 2025 3078 erat
2043 3043 2059 3089 3
2119 3042 2231 3097 pro
2286 3021 2605 3082 dilaberen-

1595 3101 1694 3148 tur
1709 3093 1866 3148 Voss'.
1884 3095 1947 3146 C.
1974 3089 2396 3147 liberarentur.
2414 3087 2608 3159 [Etiam

1596 3163 1705 3217 Gu.
1742 3168 2064 3232 pervertere
2100 3152 2301 3230 eam.]
2448 3189 2451 3194 -

1664 3230 1811 3308 Quia
1830 3227 1923 3282 hic
1942 3227 2099 3282 deest
2112 3244 2269 3280 exem
2319 3225 2457 3288 lum,
2473 3215 2609 3296 quod

1596 3313 1837 3350 narrare
1871 3295 2198 3350 instituerat
2237 3321 2261 3348 L
2292 3311 2470 3366 epos,
2507 3305 2611 3342 non

1599 3359 2061 3420 committendum
2088 3359 2245 3425 duxi,
2288 3363 2433 3434 quin
2448 3361 2609 3412 lecto·

1597 3433 1679 3486 ris
1710 3429 2028 3503 cognitioni
2060 3427 2345 3496 juvandae
2368 3445 2491 3480 rem
2530 3439 2611 3494 ge·

1597 3501 1731 3554 stam
1762 3515 1830 3552 ex
1863 3494 2167 3569 Polyaeno
2212 3496 2303 3560 (1.
2335 3491 2611 3566 strateg.)

1598 3567 1707 3620 huc
1770 3565 2051 3620 referrem
2083 3585 2097 3617 ι
2170 3565 2319 3619 Cum
2383 3564 2614 3620 Thasum

1597 3644 1845 3708 propter
1882 3651 1982 3688 eos
2006 3667 2023 3696 ‚
2062 3633 2159 3704 qui
2197 3629 2619 3686 Atheniensium·

1600 3699 1774 3757 rebus
1820 3695 2145 3754 studuerant
2189 3735 2206 3764 ,
2288 3706 2613 3773 pervertere

1599 3766 1879 3840 Lysander
1926 3765 2233 3822 destinass'et
2254 3781 2307 3832 ,·
2342 3766 2487 3822 sicut
2512 3764 2611 3816 Ne·

1600 3836 1757 3911 potis
1789 3831 1963 3890 habet
1991 3835 2249 3888 narratio
2337 3845 2525 3906 atque,⁹
2552 3843 2616 3882 ne

1594 3901 1943 3969 evaderent,
1981 3921 2125 3976 quos
2142 3871 2409 3976 perditos
2440 3898 2617 3972 cupie-

1602 3967 1704 4028 bat
1736 4011 1755 4040 ‚
1814 3977 2093 4026 metueret
2126 3991 2141 4023 ι
2208 3963 2470 4024 fraudem
2514 3966 2610 4018 cle·

1604 4038 1819 4094 mentia
1847 4056 1912 4093 ac
1940 4033 2245 4110 religionis
2265 4036 2501 4092 obtentu
2525 4047 2610 4084 ve-

1604 4104 1830 4162 landam
1863 4107 2097 4162 censuit.
2152 4107 2292 4158 Erat
2313 4102 2465 4178 apud
2483 4100 2613 4156 Tha-

1474 4177 1489 4190 ⁰
1518 4213 1533 4230 .
1604 4177 1723 4234 sios
1770 4173 2361 4250 templum-Herculis
2390 4211 2407 4240 ,
2472 4160 2621 4244 quod
