2763 4797
612 214 1549 357 1v3,rAusAn1AS.
1635 259 1942 326 οων.

2123 188 2347 344 ‘¹67

1094 709 1313 795 cAr.
1372 712 1456 777 v.

357 890 486 951 His
558 889 752 981 rebus
825 889 1054 973 ephori
1127 890 1434 975 cognitis,
1480 892 1677 954 satius
1748 906 2132 976 putaverunt
2167 936 2184 965 ,

2287 893 2355 953 in

206 994 363 1057 urbe
422 1016 571 1056 eum
627 993 1107 1077 comprehendi,
1191 996 1339 1091 Quo
1395 999 1592 1081 qu‘um
1647 1012 1866 1060 essent
1906 998 2226 1081 profecti,
2293 984 2359 1060 et

200 1098 552 1161 Pausanias
572 1142 589 1173 ,

698 1099 949 1182 placato
1018 1099 1309 1185 Argilio,
1411 1116 1481 1163 ut
1532 1102 1791 1185 putabat
1813 1145 1828 1175 ‚

1930 1102 2357 1165 Lacedaemo-

203 1224 350 1265 nem
408 1218 892 1277 reverteretur,
976 1203 1046 1265 in
1102 1204 1378 1279 itinere,
1465 1228 1659 1289 quum
1713 1208 1836 1289 jam
1893 1210 1960 1270 in
2021 1227 2101 1270 eo
2159 1223 2356 1284 esset,

203 1322 278 1389 ut
332 1310 997 1393 comprehenderetur
1026 1354 1045 1385 ,
1146 1330 1185 1372 e
1240 1311 1424 1371 vultu
1487 1312 1809 1393 cujusdam
1834 1296 2100 1397 'ephori
2143 1356 2160 1387 ,
2247 1315 2357 1397 qui

203 1435 349 1483 ‚eum
406 1411 775 1503 'admonere
845 1404 1145 1500 cupiebat
1181 1458 1199 1489 ,
1301 1414 1569 1478 insidias
1638 1419 1761 1479 sibi
1819 1418 1963 1481 fieri
1997 1416 2358 1508 ¹intellexit⁶

209 1525 423 1605 Itaque
509 1522 732 1604 paucis
810 1536 954 1583 ante
1028 1520 1333 1605 gradibus
1358 1564 1375 1595 ‚

210 1789 219 1794 -
275 1734 379 1821 [Ϊη
414 1748 673 1818 itinere]
707 1750 1043 1807 Cornelium
1075 1748 1252 1809 inter*

210 1820 341 1874 dum
376 1839 500 1873 non
538 1819 673 1873 satis
704 1831 867 1873 recte
914 1818 1253 1874 auctoribus

248 1890 433 1944 raecis
464 1888 625 1941 usum
642 1888 772 1952 effe,
804 1898 870 1941 ut
890 1902 1250 1951 omnes‚cre-

252 1977 319 2021 o,
358 1954 715 2019 concedent,
756 1956 838 2009 ita
879 1972 999 2008 non
1033 1955 1255 2027 poffum

208 2044 325 2079 non
359 2024 565 2077 mirari
586 2062 603 2089 ,
644 2021 704 2076 id
733 2022 794 2075 in
824 2021 1091 2076 hocloco
1110 2040 1252 2075 non-

206 2094 343 2147 dum
375 2092 451 2146 ab
489 2090 622 2147 aliis
650 2090 1110 2145 animadversum
1144 2092 1253 2145 effe

206 2157 383 2233 atque
409 2169 695 2214 notatum.
772 2160 913 2239 Quis
960 2158 1114 2210 enim
1157 2158 1251 2222 est,

218 2236 312 2305 qui
337 2246 456 2283 non
491 2228 737 2293 sentiat,
782 2244 907 2281 rem
940 2226 1043 2281 tali
1078 2224 1253 2279 modo

202 2309 501 2362 narratam
518 2294 961 2350 difficultatibus
977 2295 1254 2347 laborare

204 2366 363 2423 -haud
400 2362 801 2420 mediocribus
825 2364 873 2417 ‘2-
918 2360 1257 2418 Pausaniam

212 2438 388 2492 statim
456 2435 710 2487 secutum
794 2444 1015 2487 utemus
1060 2433 1107 2491 E
1154 2431 1255 2484 ho.

212 2505 351 2560 ros?
446 2521 555 2556 uos
586 2516 717 2557 cum
798 2499 997 2554 aenari
1018 2499 1089 2552 ad
1118 2499 1256 2553 uiss'e

213 2574 428 2628 senfiss'e
472 2609 489 2636 ‚
542 2571 759 2624 nullam
807 2568 881 2623 ei·
911 2566 1043 2622 inde
1077 2565 1255 2640 suspi-

217 2645 445 2695 cionem
516 2649 767 2692 creatam
842 2637 1199 2690 arbitremur
1226 2633 1255 2686 ‘2

208 2713 415 2763 Nonne
447 2708 587 2763 satis
622 2715 801 2780 patet,
830 2704 1256 2778 EphorosPau-

214 2779 464 2841 samiam,
522 2776 678 2848 apud
726 2791 1001 2845 agrorum
1034 2771 1257 2826 incolas

218 2843 670 2920 gratiofiss'imum
688 2848 723 2906 ‚‘
742 2859 1023 2914 nusquam
1065 2840 1165 2892 nist
1194 2839 1257 2890 in

213 2913 358 2968 urbe
412 2923 543 2966 tuto
604 2909 1101 2982 comprehendere
1145 2925 1253 2984 Ρο-Δ

216 2981 423 3034 tuiss'e‘?
475 2980 539 3036 Si
571 2979 822 3051 denique
840 2994 934 3031 res
963 2979 1023 3032 in
1043 2975 1257 3030 itinere

220 3051 359 3122 gesta
391 3049 577 3111 effet,
602 3044 895 3120 quomodo
924 3045 1261 3100 Pausaniam

216 3135 278 3170 ex
317 3119 535 3170 itincre
572 3114 907 3189 putabimus
953 3117 1013 3168 in
1060 3110 1261 3166 aedem

216 3189 560 3249 Minervae,
660 3199 807 3256 quae
870 3183 955 3250 in„
992 3178 1259 3266 acropoli

220 3253 319 3307 sita
351 3264 517 3318 erat,
554 3253 633 3304 ita
652 3251 973 3318 confugere
994 3247 1261 3324 potuiss'e,

199 3335 277 3376 πη
304 3322 512 3392 paucis
543 3331 674 3388 ante
712 3321 1023 3392 gradibus,
1092 3333 1265 3388 quam

216 3396 319 3458 qui·
332 3391 748 3462 sequebantur,
786 3407 857 3444 eo
876 3383 1263 3464 perveniret?

221 3465 327 3516 Res
372 3471 565 3512 amem
600 3495 615 3520 ,
690 3458 735 3512 si
784 3454 1173 3528 Thucydidem
1214 3472 1262 3517 ι,

226 3533 335 3586 133.
376 3526 645 3581 audi-mus
666 3564 681 3589 ,
745 3529 926 3580 multo
960 3524 1135 3591 aliter
1168 3540 1262 3576 ac-

222 3598 390 3652 cidit.·
456 3597 725 3648 Taenaro
758 3593 1014 3665 profecti
1059 3593 1174 3660 iam
1209 3607 1263 3642 e·

218 3678 345 3719 rant
380 3665 445 3717 in
488 3664 640 3719 urbe
684 3673 739 3716 et
772 3663 996 3738 Ephori
1037 3673 1095 3716 et
1121 3663 1266 3715 Pau·

225 3735 449 3801 sanias;
524 3731 612 3784 ibi
656 3741 880 3797 autem,
924 3749 1051 3787 cum
1102 3729 1163 3782 in
1195 3745 1266 3782 eo

228 3804 389 3867 effet,
423 3810 493 3854 ut
519 3799 831 3858 Pausanias
850 3802 918 3856 in
950 3801 1047 3855 υἰα
1082 3797 1176 3864 (ἐν
1194 3799 1272 3868 277

225 3867 378 3938 ὀδῷ)
396 3907 415 3938 ,
452 3870 495 3922 i.
525 3886 579 3923 e.
600 3871 933 3941 per-urbem
953 3865 1266 3939 aliquando

225 3938 521 4001 incedens,
556 3936 1171 4011 comprehenderetur,
1200 3952 1269 3988 ex

222 4004 511 4082 nujusad
555 4023 685 4060 eum
716 4004 1041 4060 accedentis
1071 4003 1265 4077 Epho-

222 4076 273 4127 ri
313 4076 483 4130 vultu
511 4073 701 4138 (irato
732 4086 787 4129 et
808 4075 948 4128 binc
983 4091 1105 4127 rem
1148 4091 1265 4126 om-

225 4159 355 4199 nem
366 4142 705 4218 prodente),
743 4162 847 4199 cur
862 4144 1113 4207 veniret,
1136 4159 1267 4218 cog-

1483 1544 1666 1605 quam
1740 1524 1850 1607 qui
1909 1522 2358 1608 sequebantur,

1320 1748 1490 1803 novit
1507 1768 1524 1817 3
1562 1771 1690 1807 cum
1718 1762 2026 1825 praeterea
2053 1753 2202 1807 alius
2237 1753 2362 1825 qui-

1320 1815 1452 1869 dam
1483 1818 1774 1895 EphoruS‚
1797 1821 2211 1875 benevolentia
2230 1824 2363 1881 duc·

1320 1894 1448 1947 tus,
1495 1898 1642 1943 nutu
1683 1887 2032 1942 clandestino
2082 1908 2205 1943 rem
2245 1908 2364 1948 om·

1320 1970 1454 2005 nem
1491 1957 1546 2009 ei
1581 1957 1970 2029 patefaceret,
2011 1958 2177 2011 cursu
2194 1959 2368 2034 petiit

1320 2030 1438 2074 tem
1481 2024 1632 2089 lum,
1703 2024 1820 2078 uod
1878 2041 2025 2097 rope
2045 2024 2364 2091 adjacebat.

1320 2089 1436 2219 gui
1509 2110 1658 2165 quae
1687 2110 1721 2145 o
1757 2091 1828 2145 de
1849 2090 2043 2147 ideres
2074 2094 2366 2169 anuplius‘?

1372 2158 1484 2212 nde
1514 2172 1705 2215 autem
1737 2177 1803 2213 ex
1833 2159 1922 2213 his
1943 2197 1960 2222 ,
1997 2162 2271 2231 profecto
2289 2164 2366 2215 sa-

1322 2230 1397 2285 tis
1456 2230 1552 2281 ers
1589 2230 1716 2282 icuc
1749 2226 1999 2290 traditis,
2023 2229 2118 2281 ina
2145 2233 2366 2284 Corne-

1322 2299 1390 2353 lii
1441 2296 1767 2351 incitatio?
1819 2294 2170 2365 Thucydidis
2203 2298 2261 2351 ἐν
2293 2302 2371 2369 τῇ

1323 2364 1456 2432 ὁδῷ
1497 2362 1744 2438 legendo
1787 2380 1850 2416 ce
1899 2363 1944 2418 it
1980 2384 2093 2438 pro
2130 2367 2366 2430 itinere,

1325 2432 1486 2510 quod
1532 2453 1662 2488 cum
1713 2433 1858 2486 seme
1929 2444 2118 2488 mente
2157 2441 2366 2501 conce-

1322 2503 1526 2577 piss'et,
1563 2501 1636 2554 ad
1685 2501 2051 2556 scribendum
2089 2501 2373 2557 accedens

1315 2587 1556 2624 omnem
1591 2587 1716 2624 rem
1755 2570 1834 2622 ita
1869 2573 2164 2633 narravit,
2218 2573 2368 2624 ac'si

1326 2638 1390 2692 in
1424 2638 1636 2692 itinere
1661 2639 1870 2692 urbem
1897 2641 2093 2694 versus
2123 2640 2370 2693 ducente

1326 2705 1637 2761 accidisset,
1675 2703 1976 2772 Moscha]

1433 2775 1482 2830 Ε
1517 2773 1678 2829 vultu
1706 2770 1944 2846 cujusd-
1981 2775 2248 2850 Ephori]
2287 2777 2370 2828 Ex

1326 2852 1470 2896 nutu
1517 2835 1864 2911 clandestino
1930 2844 2059 2899 aliis
2108 2843 2368 2897 >inobser-

1326 2919 1498 2972 vato‚
1537 2911 1789 2976 νεύματι·
1807 2911 2066 2981 ἀφανεῖ,
2110 2921 2164 2964 ut
2211 2911 2371 2966 Thu·

1328 2977 1573 3050 cydides
1613 2979 1720 3035 lib.
1771 3002 1817 3034 1.
1863 2997 1998 3053 pag.
2037 2983 2124 3049 87.
2174 2980 2366 3034 habet.

1330 3048 1676 3108 Lot-cenius.
1715 3049 1871 3104 Voss'.
1902 3051 1970 3102 Β.
2002 3056 2060 3105 et
2084 3067 2160 3104 ex
2189 3046 2370 3102 vultu.

1331 3121 1400 3175 C.
1427 3135 1506 3170 ex
1534 3115 1716 3172 vultu.
1752 3115 1874 3184 [Ita
1893 3127 1949 3169 et
1985 3117 2096 3171 Gu.
2119 3117 2226 3170 Ax.
2259 3117 2370 3170 Ult.

1332 3183 1529 3243 Codex
1547 3185 1653 3239 Ax.
1673 3185 1842 3238 etiam
1865 3184 2037 3243 babet
2055 3205 2070 3236 ι
2089 3203 2222 3240 cum
2232 3181 2371 3255 jam
2465 3216 2472 3224 -

1332 3257 1399 3310 in
1429 3271 1498 3308 eo
1527 3261 1710 3314 esset,
1749 3261 1813 3307 ut
1835 3247 1974 3323 jum
2006 3253 2276 3328 compr-[1

1348 3339 1351 3344 ·
1405 3323 1776 3385 Admonere]
1814 3327 1943 3378 Nou
1988 3323 2134 3376 male
2167 3309 2368 3378 Boeci·

1336 3402 1394 3446 et
1425 3391 1587 3446 Leid.
1625 3389 1963 3447 admoneri.
2041 3393 2190 3443 Dan.
2231 3408 2372 3463 quo·

1332 3476 1446 3533 que
1483 3460 1841 3514 ammoneri,
1885 3456 2100 3514 Bofius,
2151 3459 2255 3512 ΜΓ.
2295 3459 2371 3512 0-

1334 3545 1468 3582 xon.
1513 3527 1822 3582 amoveris
1852 3526 2014 3580 Leid.
2052 3543 2210 3580 meus
2247 3543 2374 3585 ame

1333 3596 1586 3652 moneri.
1657 3596 1820 3650 Vols.-
1841 3599 1909 3650 Β.
1943 3595 2010 3650 C.
2037 3593 2375 3650 admoneri.

1337 3659 1484 3745 [0Ax.
1519 3663 1688 3716 etiam
1721 3663 2070 3729 admoneri,
2107 3663 2266 3731 quod
2284 3681 2392 3717 ree·

1338 3749 1538 3803 cipere
1568 3748 1684 3784 non
1715 3730 2062 3786 dubitarem.
2099 3731 2374 3790 Mosche-

1335 3886 1582 3924 monere
1595 3902 1626 3935 ‚⁴
1667 3867 1825 3936 quod
1861 3887 1988 3923 eum
2027 3868 2376 3922 Tuschuckin

1334 3937 1625 4009 praestare
1663 3937 1844 4005 duco,
1879 3937 2018 4008 quia
2065 3935 2132 3989 ad
2171 3935 2374 4008 ipsum,

1336 4005 1433 4078 qui
1477 4005 1788 4077 cupiebat,
1834 4005 2147 4077 pertinen]

1335 4071 1950 4200 „2922“”23;f{151531¹55?
1955 4068 2378 4214 “2533ssssss

2406 922 2428 959 1

1323 3801 1424 3854 -I'ta
1463 3799 1636 3852 etiam
1661 3797 1767 3854 Ed.
1805 3802 1925 3856 Ult.
1967 3799 2066 3854 sed
2107 3803 2221 3854 Gur
2267 3797 2374 3854 ad-
2475 3851 2482 3858 .
